2866 4912
700 208 741 277 52

151 439 214 484 eam
243 420 354 484 tribum
383 419 502 501 publice
530 416 715 491 Γελέοντας
744 429 873 480 vocatam
902 438 981 489 esse,
1015 437 1085 488 uec,
1117 419 1199 496 quod
1231 418 1308 480 olim

149 533 302 612 putabam,
327 553 343 593 a
366 533 516 611 Cyzicenis
539 533 688 592 iuventam
710 529 785 591 lianc
808 532 985 609 scripturam
1009 548 1085 590 esse.
1124 530 1184 590 Sed
1209 530 1305 610 paulo

151 644 272 705 calidius
295 661 384 721 agere
407 643 479 704 mibi
503 642 654 711 videntur,
684 642 733 719 qui
762 641 838 701 banc
867 639 959 701 solam
983 648 1162 718 agnoscunt,
1193 660 1306 720 quam·

151 773 254 832 quam,
285 772 377 832 quum
404 755 613 834 inscriptiones
641 753 766 813 citerani
788 751 825 820 Γ,
855 753 884 811 ἰη
914 753 1124 829 manuscriptis
1147 761 1249 811 autem
1276 750 1311 811 Γ

151 864 238 925 lacile
260 865 411 926 transierit
433 865 462 924 in
492 864 528 942 T,
558 862 716 923 admodum
740 864 871 942 speciosa
895 863 949 921 ista
974 862 1048 921 ratio
1071 869 1131 929 est,
1162 879 1220 921 uec
1244 864 1306 921 mi-

150 993 215 1036 rum
239 974 317 1054 quod
342 981 423 1034 tanto
446 974 590 1053 accipitur
613 972 726 1052 plausu.
765 965 854 1033 Ἀλλ’
877 964 918 1061 ori
940 969 1070 1051 μέντοι,
1094 980 1126 1030 ut
1148 990 1218 1031 rum
1234 971 1305 1030 Pla·

151 1095 219 1145 tone
235 1085 347 1164 loquar,
371 1077 581 1163 ἀποκνητέον
594 1101 633 1161 γε
647 1083 694 1164 τῷ
710 1078 800 1163 λόγῳ
817 1078 1013 1155 ἐπεξελθεῖν
1028 1075 1305 1160 σκοπούμενον.“

152 1197 182 1261 C.
200 1194 220 1254 l.
238 1196 271 1255 G.
292 1196 310 1254 Ι.
335 1214 360 1253 c.
385 1212 413 1272 p.
430 1191 543 1273 cata]
590 1193 676 1253 Extat
698 1195 776 1252 enim
799 1191 974 1253 Teleontnm
1003 1193 1117 1252 formae
1141 1208 1305 1268 argumen-

153 1313 214 1366 tum
239 1304 325 1382 longe
355 1304 554 1364 firmissimum
584 1301 673 1382 idque
701 1304 880 1383 antiquitatis
909 1303 1124 1362 remotissimae
1147 1300 1206 1361 lide
1230 1320 1304 1361 con-

154 1424 300 1477 testatum.
335 1412 451 1494 Quippe
466 1412 618 1474 Teleontis
632 1413 820 1474 Atheniensis
843 1421 873 1472 et
887 1413 1054 1492 Zeuxippae
1075 1409 1167 1471 lilium
1184 1412 1304 1479 Butam,

154 1526 257 1606 cyclici
280 1526 336 1586 iam
360 1533 465 1605 poetae
489 1522 692 1599 celebrabant,
723 1542 758 1584 cx
780 1522 887 1602 quibus
910 1541 961 1583 sua
985 1521 1156 1582 derivarunt
1179 1520 1304 1600 Apollo·

117 1647 132 1693 c
156 1639 223 1697 nius
238 1636 502 1714 Argonauticorum
520 1631 692 1714 scriptor¹),
716 1630 958 1712 Apollodorus2),
982 1627 1152 1711 Hyginusb.
1188 1630 1304 1711 Estque

153 1749 178 1806 is
207 1746 319 1807 lasonis
348 1745 478 1822 aequalis
507 1744 701 1824 laborumque
728 1746 839 1805 socius:
871 1745 961 1821 igitur
987 1761 1078 1822 quum
1102 1742 1187 1803 lason
1210 1743 1305 1802 Aeso·

154 1859 201 1917 nis
224 1855 315 1924 lilius,
338 1855 456 1917 Cretbei
481 1873 588 1935 nepos,
618 1862 740 1934 quartus
761 1855 798 1915 sit
820 1852 857 1915 ab
880 1852 985 1923 Aeolo,
1009 1853 1104 1913 Butae
1120 1859 1219 1913 autem
1245 1851 1305 1911 Te—

158 1961 265 2023 leontis
288 1963 384 2024 lasoni
407 1983 588 2044 aequaevus,
613 1963 706 2041 liquet
727 1964 916 2035 Teleoritem,
942 1964 1033 2024 Butae
1055 1970 1186 2042 patrem,
1211 1977 1304 2038 quem

155 2075 246 2152 prisci
270 2073 414 2135 canebant
431 2083 524 2145 vates,
550 2094 608 2135 non
631 2073 721 2135 alium
744 2094 809 2135 esse
832 2092 920 2152 utram
936 2073 1016 2134 louis
1030 2072 1138 2142 lilium,
1163 2079 1305 2150 nepotem

155 2183 261 2252 llutlri,
290 2204 377 2265 quern
408 2185 489 2246 Aeoli
518 2187 640 2246 tratrem
670 2184 866 2263 perhibebant
893 2183 1020 2244 fabulae.
1067 2181 1145 2263 [lloc
1172 2201 1238 2252 „cx
1268 2184 1305 2241 iis

156 2292 336 2362 rationibus,
369 2315 445 2376 quae
473 2294 510 2356 ab
538 2295 693 2356 llcsiodeis
716 2295 803 2356 Eocis
831 2302 988 2355 manarunt
1016 2291 1306 2370 (ci.lli1llcr.Pro·

154 2402 229 2482 legg.
255 2404 378 2484 mythol.
402 2425 431 2485 p.
457 2403 538 2486 179.)
548 2415 565 2438 “
591 2452 596 2465 .
623 2451 629 2465 .
655 2450 662 2464 .
687 2452 694 2465 .
717 2408 842 2485 „itaque
871 2404 1035 2466 secundum
1059 2401 1225 2462 llcsiodeae
1254 2420 1305 2479 gc·

156 2513 309 2593 nealogiae
332 2518 477 2576 rationem
500 2513 665 2575 labulosam
688 2515 793 2576 eotlem
816 2515 909 2593 gradu
938 2513 975 2574 ab
998 2511 1122 2574 llellene
1145 2520 1175 2572 et
1198 2511 1305 2572 eadem

155 2632 249 2684 aetate
273 2623 384 2685 Teleon
409 2623 502 2684 Rutae
525 2632 610 2704 pater
632 2627 745 2706 positus
768 2633 924 2702 astatque
947 2624 1028 2685 lonis
1050 2621 1126 2684 lilius
1142 2620 1256 2684 Geleou
1281 2642 1306 2683 s.

155 2732 282 2802 Teleon,
308 2752 364 2793 nec
387 2735 480 2811 magis
495 2733 587 2795 Teleo
604 2735 696 2797 Butae
719 2744 802 2815 pater
818 2744 914 2816 potest
936 2733 972 2795 ab
989 2734 1154 2794 lonicorum
1171 2731 1307 2793 tribuum

157 2842 352 2920 explicatione
374 2845 505 2922 separari
529 2860 615 2923 quani
635 2845 744 2923 lloples
766 2845 816 2905 ille
840 2847 929 2923 Aegei
951 2862 1047 2905 socer.
1092 2845 1128 2903 tt
1149 2841 1205 2901 alia
1231 2859 1308 2919 quo-

158 3045 174 3096 l.
190 3062 212 3093 c.
226 3061 252 3110 p.
265 3048 347 3100 932³.
361 3073 393 3080 -
409 3039 481 3106 Ζεῦς
496 3043 607 3100 Γελέων
625 3053 669 3098 est
687 3049 716 3096 in
734 3047 915 3114 inscriptione
928 3046 1024 3096 Attice
1043 3045 1152 3096 novicia
1166 3060 1209 3108 up.
1224 3043 1309 3096 Ross.

159 3129 229 3178 dem.
248 3131 304 3183 Au.
323 3131 411 3195 prael.
431 3149 457 3197 p.
475 3130 548 3197 vlt]

228 3217 252 3274 1)
271 3215 371 3280 Argon.
396 3217 422 3278 l,
441 3219 482 3270 95,
508 3217 555 3280 IV,
575 3220 633 3271 912.
668 3219 791 3267 Priorem
814 3216 903 3267 locum
927 3215 1023 3265 attulit
1040 3212 1244 3278 Wessoliugius
1268 3215 1307 3263 ad

157 3299 342 3365 Herodotum,
369 3300 416 3350 sed
441 3301 558 3352 eundem
582 3302 654 3352 liunc
679 3318 740 3353 csso
764 3317 842 3366 quem
865 3303 941 3352 Ionis
965 3299 1063 3362 lilium,
1090 3313 1123 3347 ne
1146 3298 1309 3348 somniabat

158 3383 276 3448 quidem.
312 3384 462 3436 Aeniodcm
487 3386 558 3434 bunc
582 3389 680 3437 Butam
704 3386 829 3452 appellat
850 3384 1096 3450 Argonauticorum
1120 3382 1307 3448 Orphicorum

159 3469 336 3536 scriptorve.
358 3472 413 3518 141.
435 3467 544 3536 [„recte
563 3488 628 3523 vero
641 3472 767 3535 Heynius
787 3471 833 3532 (ad
846 3470 971 3534 Apollod.
990 3472 1014 3534 I,
1032 3471 1057 3531 9,
1077 3469 1116 3518 16.
1135 3483 1161 3533 p.
1175 3465 1229 3529 74.)
1248 3483 1309 3517 cor-

158 3554 229 3603 rexit
253 3548 404 3620 Αίγείὸης,
432 3571 485 3604 non
505 3557 585 3621 quusi
608 3573 640 3606 ex
665 3557 738 3605 tribu
756 3555 878 3620 Aegcide
897 3556 948 3619 sit,
972 3560 1002 3605 ut
1024 3553 1143 3621 putabet
1165 3552 1307 3615 lleynius,

159 3637 208 3687 sed
227 3632 363 3704 Αἰγείδης
382 3644 425 3688 est
444 3638 517 3689 idom
536 3643 606 3706 quod
622 3631 787 3707 Ἀθηναῖος,
806 3637 1041 3704 mitescentem,
1056 3629 1240 3705 Ἐρεχθεῖδαι
1260 3651 1309 3685 ro-

159 3728 260 3772 enntur
276 3723 462 3774 Athenienses
480 3725 631 3775 universi.“
662 3724 735 3777 e.1.
755 3725 786 3777 G.
806 3742 831 3791 p.
851 3721 946 3792 sata]
983 3724 1113 3775 Valerius
1131 3722 1249 3772 Flaccus
1269 3717 1308 3788 [1,

157 3803 220 3873 394]
241 3810 328 3872 patris
347 3825 445 3858 nomen
464 3809 564 3859 omisit.
587 3808 665 3859 Alius
684 3813 727 3860 est
739 3808 842 3859 Telson
855 3810 961 3859 Locrus
974 3825 1018 3874 up,
1033 3808 1161 3874 Apollon.
1179 3805 1202 3870 Ι,
1215 3807 1258 3856 72.
1272 3809 1308 3857 73

158 3897 187 3942 et
209 3892 356 3958 Hyginum.
394 3890 564 3961 [„Herodor.
587 3910 632 3960 ap.
652 3893 743 3945 Schol.
762 3893 886 3959 Apollon.
906 3894 923 3943 l.
942 3893 989 3945 o.“
1014 3894 1086 3943 c.1.
1108 3892 1140 3943 G.
1160 3908 1186 3957 p.
1206 3887 1305 3958 932b.]

158 3977 225 4026 Eius
244 3976 314 4029 lilius
334 3978 475 4041 Eribotes,
501 3993 580 4042 quem
600 3979 650 4029 olii
668 3979 827 4043 Eurybaten
846 3988 957 4029 vocant.
977 3978 1019 4032 Cf.
1039 3979 1128 4027 Burm.
1147 3976 1237 4026 Catul.
1254 3976 1308 4025 Ar-

158 4075 220 4125 gon.
240 4061 265 4110 h.
283 4078 309 4112 v.
330 4060 371 4130 [in
389 4063 452 4117 Vel.
471 4063 513 4113 Fl.
531 4063 664 4116 editione.
682 4064 774 4114 Valet.
792 4064 885 4114 Flscc.
905 4064 928 4126 Ι,
944 4065 1004 4113 402,
1028 4070 1056 4114 et
1079 4064 1180 4128 Hygia.
1199 4059 1309 4111 Valerii

160 4144 237 4195 loono
255 4145 318 4196 olim
338 4164 429 4198 errore
443 4147 548 4199 relatus
561 4153 622 4198 erat
635 4148 670 4198 ad
683 4150 859 4211 'l'eloontem,
878 4150 924 4213 qui
938 4164 1013 4200 error
1025 4145 1205 4212 corrigendus
1218 4146 1308 4196 etiam

159 4227 189 4280 G.
207 4229 227 4278 l.
247 4230 265 4280 l.
282 4247 305 4286 c.
322 4249 349 4298 p.
366 4233 449 4283 sabb.
468 4229 522 4298 ts]

226 4316 253 4377 2)
273 4316 343 4368 Bibl.
363 4317 389 4380 Ι,
409 4322 438 4380 o,
460 4319 498 4366 16.

227 4397 254 4465 3)
272 4400 344 4450 Feb.
364 4401 404 4448 14.
