2866 4912
660 193 811 289 -.RQ

166 403 281 479 inepte,
306 409 337 460 ut
353 398 432 459 nullo
448 401 567 478 negotio
583 398 773 459 subditicium
790 400 882 459 letum
899 416 963 458 esse
980 399 1100 458 evicerit
1115 398 1274 460 Rendeius
1284 397 1318 477 ¹),

165 528 342 589 quamquam
365 509 413 569 hic
436 509 513 570 maie
535 517 675 589 provocat
697 508 733 569 ad
756 509 915 569 secundam
940 508 1070 570 Platonis
1095 509 1253 589 epistolam
1279 510 1320 570 ad

167 621 337 699 llionysium
361 621 507 681 minorem
531 620 644 690 datam,
667 637 743 697 quae
766 628 795 680 et
817 621 880 699 ipsa
905 630 949 679 est
970 620 1081 698 spuria.

119 734 151 784 33
251 731 300 791 Sic
323 749 444 791 emenso
465 731 570 792 itinere
598 732 811 810 pensitatisque
839 731 984 790 universis
1007 729 1094 790 huius
1115 748 1224 791 causae
1247 749 1319 791 mo·

166 842 273 902 mentis
296 861 332 903 eo
355 841 474 902 tandem
498 841 623 902 deducta
647 840 763 902 ridetur
784 859 849 910 res,
879 850 911 901 ut
933 859 1004 901 vana
1027 841 1086 901 iam
1108 839 1319 919 intelligamus

167 970 232 1012 esse
256 953 355 1013 omnia
379 951 634 1031 ellenophonteis
650 950 866 1028 Platonicisque
888 949 971 1012 libris
993 953 1084 1031 petita
1108 952 1169 1012 sive
1186 958 1318 1012 conten-

164 1062 253 1123 tionis
276 1064 336 1122 sive
352 1059 575 1123 obtrectationis
591 1060 740 1140 exempla,
763 1069 797 1121 ut
810 1060 959 1123 iudicabat
973 1063 1061 1122 etiam
1077 1058 1199 1122 Gellius.
1230 1061 1316 1132 Oua·

165 1191 233 1234 uam
257 1191 327 1233 vero
349 1173 379 1233 in
401 1192 436 1234 re
458 1171 602 1234 aemulata
624 1172 683 1233 sint
711 1170 836 1233 illustria
864 1171 937 1235 haec
960 1173 1093 1251 ingenia,
1116 1190 1208 1252 quae.
1241 1169 1318 1233 licet

164 1284 195 1342 in
218 1280 364 1343 similibus
387 1281 539 1344 rideantur
556 1281 725 1344 elaborasse
740 1281 914 1362 generibus,
938 1290 1037 1345 tamen
1053 1301 1113 1343 non
1128 1283 1158 1342 in
1174 1281 1315 1343 eiusdem

166 1389 208 1454 rei
230 1393 328 1455 studio
351 1411 471 1473 operam
494 1392 632 1454 locabant
653 1392 836 1473 gloriamque
858 1392 1019 1472 ponebant,
1043 1411 1134 1474 quum
1157 1391 1233 1454 alter
1256 1409 1315 1470 po·

165 1503 261 1583 pularl
283 1511 372 1582 etque
395 1506 527 1566 omnium
557 1504 657 1565 usibus
685 1503 905 1567 accommodata
932 1504 1098 1566 disserendi
1121 1504 1236 1564 ratione
1261 1523 1316 1565 ex·

166 1613 303 1685 celleret,
332 1614 406 1675 alter
433 1617 463 1674 in
486 1614 639 1676 condenda
668 1613 822 1677 abstrusae
844 1633 1006 1694 paucorum
1031 1614 1214 1683 meditationi
1241 1624 1314 1695 apta

166 1723 351 1804 philosophia
380 1734 459 1786 esset
484 1727 635 1787 sommus?
678 1724 756 1797 Quid
778 1726 882 1804 igitur,
912 1725 1050 1795 obsecro,
1082 1734 1146 1786 erat
1167 1723 1249 1804 quod
1274 1725 1314 1787 de

165 1833 262 1913 palma
290 1842 511 1907 concertarent,
546 1838 597 1917 qui
624 1837 655 1897 in
683 1835 740 1897 alia
767 1836 854 1915 plane
883 1838 1117 1898 exercitarentur
1145 1834 1314 1916 palaestra?

165 1945 227 2006 Nisi
249 1945 327 2006 lorte
350 1945 387 2007 de
409 1947 552 2008 orationis
574 1945 718 2026 elegantia
741 1954 829 2026 atque
851 1944 1038 2026 eloquentiae
1060 1945 1148 2007 laude
1162 1946 1312 2026 sophista·

165 2073 232 2117 rum
260 2059 355 2118 instar
382 2073 432 2117 eos
461 2057 618 2119 dimicasse
646 2053 797 2134 eredes²):
825 2057 855 2116 in
884 2055 991 2136 quibus
1018 2074 1195 2136 quamquam
1220 2074 1314 2136 pares

166 2168 321 2246 utriusque
342 2176 394 2229 aut
415 2168 567 2246 proximae
590 2174 656 2229 sunt
672 2169 811 2237 virtutes,
833 2175 932 2228 tamen
956 2174 1035 2229 tanta
1055 2185 1159 2228 eorum
1175 2168 1314 2228 cernitur

166 2276 390 2353 dissimilitudo,
410 2285 442 2338 ut
464 2279 648 2340 contentioni
663 2277 762 2339 nullus
785 2278 823 2339 sit
844 2275 941 2337 locus:
965 2275 1038 2337 haec
1061 2279 1140 2339 enim
1157 2279 1234 2338 inter
1257 2297 1313 2340 eos

165 2396 279 2450 tantum
302 2395 400 2468 potest
422 2388 622 2459 intercedere,
648 2390 699 2467 qui
721 2399 771 2450 eut
794 2385 919 2449 eandem
941 2395 991 2447 aut
1013 2387 1148 2458 aliinem,
1176 2405 1235 2448 non
1258 2390 1313 2467 qui

165 2499 308 2562 diversam
331 2505 483 2561 sectentur
505 2501 592 2560 viam.
629 2499 728 2569 Quare
750 2498 887 2560 desinant
912 2500 970 2559 iam
993 2499 1173 2578 optimorum
1196 2500 1311 2576 gravis·

165 2613 368 2690 simorumque
397 2611 526 2670 virorum
556 2608 680 2671 illudere
708 2611 816 2680 lamae,
845 2626 880 2670 ac
902 2611 1048 2689 sequioris
1070 2610 1133 2670 aevi
1156 2609 1313 2670 Graeculis

164 2721 304 2801 sophistis
326 2722 380 2781 ista
403 2718 572 2798 relinquant
599 2719 722 2781 molesta
750 2720 895 2791 convicia,
924 2721 974 2789 iis,
1004 2721 1053 2798 qui
1076 2719 1191 2790 dicunt,
1218 2737 1312 2799 quam

165 2830 273 2909 qulbus
295 2830 443 2900 dicuutur,
467 2827 534 2907 plus
557 2829 709 2891 afferentia
728 2828 893 2891 dedecoris.

118 3286 151 3334 34
250 3273 368 3335 Gratiae
384 3291 462 3335 nunc
477 3271 609 3352 agendae
624 3271 685 3333 lieo
701 3271 820 3352 Optimo
836 3273 971 3341 Maximo,
988 3273 1073 3333 cuius
1089 3274 1224 3343 numine,
1247 3293 1309 3336 non

165 3384 240 3446 iorte
263 3402 392 3463 casuque
415 3393 548 3446 rectores
570 3383 636 3444 orbi
658 3384 798 3445 constitui
811 3381 949 3462 religiosa
973 3390 1072 3445 mente
1086 3384 1232 3445 fateamur
1255 3403 1308 3444 ne·

165 3513 247 3557 cesse
270 3505 329 3572 est,
354 3494 447 3574 quod,
472 3493 844 3572 quadragesimosecundo
867 3492 976 3556 abhinc
999 3513 1077 3555 anno
1095 3495 1217 3565 lestum,
1242 3493 1308 3555 leli·

164 3625 244 3677 cem,
268 3607 396 3668 faustum
419 3605 466 3666 his
489 3607 576 3666 terris
599 3603 677 3666 diem
699 3605 871 3667 illucescere
899 3603 1003 3675 voluit,
1033 3622 1092 3683 quo
1114 3606 1308 3667 Pothereum

164 3729 346 3796 nosrevu,
369 3717 589 3778 Fernnercvn
612 3717 824 3778 Gvrnnnuvu
847 3715 894 3777 lll.
917 3716 1062 3778 Pernen
1084 3714 1251 3793 Prummu,
1275 3718 1306 3777 in

163 3827 261 3889 lucem
284 3827 395 3888 editum
417 3835 448 3889 et
468 3825 655 3890 laetabantur
676 3834 747 3888 tunc
770 3844 875 3888 omnes
903 3833 932 3888 et
954 3844 1033 3887 nunc
1056 3825 1202 3887 laetantur
1224 3845 1307 3887 cum·

233 4064 258 4130 1)
276 4065 352 4116 Dies.
368 4064 479 4117 Phalor.
498 4082 524 4132 p.
537 4068 570 4117 te
588 4066 632 4122 ed.
645 4066 723 4132 Lips.
743 4061 773 4132 [i.
793 4081 817 4118 e.
838 4065 975 4116 versionis
988 4064 1198 4131 Lennepianw,
1216 4079 1243 4130 p.
1257 4068 1308 4117 libb

164 4164 235 4203 vers.
253 4146 484 4217 Ribbeekienue]

231 4234 258 4300 λ)
277 4236 359 4302 Diog.
379 4237 411 4288 L.
429 4237 470 4298 ΙΙ,
489 4237 532 4286 bl.
564 4226 711 4286 Ἐκαλεῖτο
734 4230 768 4287 tt
790 4226 821 4299 (ὁ
839 4233 995 4300 Ξενοφῶν)
1017 4231 1068 4286 καλ
1083 4225 1191 4299 Ἀττικὴ
1214 4232 1308 4299 μοῦσα

163 4313 319 4386 γλυκύτητι
341 4317 392 4386 τῆς
414 4311 581 4386 ἑρμηνείας,
609 4307 684 4371 ὅθεν
706 4315 756 4370 καλ
777 4313 849 4384 πρὸς
875 4311 1017 4387 ἀλλήλους
1040 4317 1204 4386 ζηλοτύπως
1227 4311 1308 4385 εἶχον

145 4394 251 4464 sedete
268 4421 299 4457 τε
316 4401 367 4457 καὶ
386 4396 523 4469 Πλάτων,
544 4395 581 4463 ὡς
600 4395 631 4455 ἐν
648 4401 687 4473 τῷ
704 4401 771 4469 περὶ
790 4397 943 4465 Πλάτωνος
962 4400 1090 4472 λέξομεν.
