2866 4912
700 224 741 319 ν,

146 430 236 510 λέγοι
263 425 328 512 γάρ
357 420 400 491 άν
430 427 467 491 ἐκ
496 429 563 490 τῶν
593 426 733 490 εἰκότων
762 425 845 510 πρὸς
873 425 977 492 αὑτὸν
1006 423 1089 491 κατά
1113 428 1291 512 Πίνδαρον

147 540 257 604 ἐκεῖνο
285 537 323 602 τὸ
351 537 537 621 Πότερον
577 537 695 613 δίκας
722 548 859 620 τεῖχος
892 535 1018 613 ὕψιον
1051 531 1074 619 ἢ
1105 542 1294 613 σκολιαῖς

146 641 513 730 άπάταιςάναβάς,
536 645 602 710 καὶ
618 646 795 730 ἐμαυτόν
811 644 914 712 οὕτω
930 648 1189 731 περιφράξας
1205 649 1293 712 δια-

145 762 236 841 βιά;
259 755 299 823 τά
321 759 384 842 μὲν
405 754 469 841 γάρ
485 753 656 841 λεγόμενα
679 758 798 842 δικαίῳ
819 755 881 839 μὲν
904 755 978 821 ὄντι
992 779 1067 840 μοι,
1092 755 1153 821 ἐάν
1169 758 1225 820 καὶ
1247 757 1292 841 μή

145 869 253 951 douai,
276 866 398 953 ὄφελος
419 861 521 932 οὐδέν
536 883 642 950 φασιν
657 862 759 949 εἶναι,
783 866 909 944 πόνους
931 868 968 931 δὲ
984 865 1040 931 καὶ
1055 871 1169 951 ζημίας
1191 889 1292 950 φανε-

147 975 220 1063 ράς·
245 979 349 1066 άδίκῳ
372 978 410 1042 δὲ
431 979 535 1056 δόξαν
554 977 772 1062 δικαιοσύνης
792 977 1098 1063 παρεσκευασμένῳ
1113 978 1293 1053 θεσπέσιος

145 1092 219 1172 βίος
234 1090 375 1172 λέγεται.
399 1092 504 1170 Liquet
527 1111 562 1152 ex
585 1100 654 1153 ante
670 1092 840 1172 disputatis,
865 1090 1055 1152 scribendum
1074 1111 1139 1152 esse
1163 1086 1225 1153 ἐάν
1247 1085 1291 1171 μή

147 1196 201 1263 καὶ
217 1201 319 1282 δοκεῖ,
335 1205 365 1264 in
381 1203 457 1263 bano
474 1202 665 1264 sententiam:
690 1202 738 1262 Ea
752 1206 840 1281 enim,
856 1219 933 1277 quoe
948 1203 1099 1275 dicuntur,
1117 1206 1192 1263 iusto
1207 1204 1290 1269 mibi,

146 1316 303 1374 aristidem
326 1315 442 1374 debeor
462 1316 566 1383 iustus,
595 1313 672 1374 nibil
695 1315 878 1389 pollicentur
896 1313 1045 1373 commodi
1063 1312 1148 1386 sore,
1176 1313 1293 1372 labores

147 1431 244 1486 uatem
259 1434 288 1484 et
309 1425 421 1484 damna
444 1403 604 1497 manifesto
628 1422 732 1502 [habet
752 1423 808 1483 bue
830 1422 958 1483 Bekieri
981 1422 1073 1483 codex
1097 1421 1139 1503 o].
1179 1422 1292 1483 Deinde

146 1553 201 1615 pro
225 1535 325 1596 vocula
348 1535 395 1616 πῇ
419 1553 454 1596 ex
469 1533 600 1595 Platonis
625 1533 840 1594 consuetudine
862 1534 1075 1610 restituebat,
1099 1532 1177 1610 quod
1200 1532 1292 1593 babes

146 1647 175 1705 in
199 1646 301 1707 eodico
316 1644 409 1723 Regio
433 1643 479 1725 [b.
495 1663 521 1705 e.
538 1643 603 1706 eod.
620 1643 694 1722 Reg.
714 1640 796 1704 1652
819 1652 848 1704 et
863 1645 893 1703 in
913 1661 965 1704 sex
980 1644 1045 1704 aliis
1060 1641 1189 1704 Belleri
1211 1641 1291 1703 codi-

147 1754 242 1836 cibus]
280 1763 310 1816 ει
343 1755 438 1816 Fiuini
466 1756 671 1834 interpretatio
700 1754 828 1833 genuina
863 1748 1010 1833 expressit
1040 1753 1087 1815 his
1120 1753 1232 1814 verbis:
1264 1763 1294 1814 et

146 1882 286 1942 quorsum
308 1867 431 1926 tendens
452 1882 542 1940 quum
563 1868 671 1940 optime
692 1867 785 1925 vitum
806 1871 887 1938 apat.
920 1863 1037 1924 Etenim
1061 1882 1148 1947 casus
1170 1872 1292 1943 quartus

113 1989 130 2036 4
145 1968 205 2035 τὸν
226 1974 304 2053 βίον
319 1994 379 2036 non
395 1994 411 2036 a
427 1975 583 2054 participio
599 1968 780 2053 πορευθείς
795 1973 921 2054 pendet,
944 1973 995 2034 sed
1011 1993 1027 2034 a
1044 1973 1134 2034 verbo
1148 1971 1289 2035 διέλθοι.

145 2085 302 2146 Praeterea
326 2080 382 2145 nul
405 2093 472 2145 ante
496 2078 642 2163 ἐμαυτόν
663 2084 693 2144 in
708 2083 785 2145 libro
801 2084 958 2145 Parisieusi
982 2082 1026 2164 [b.
1044 2102 1070 2144 e.
1087 2083 1179 2162 liegio
1198 2080 1290 2158 1652,

147 2197 278 2276 itemque
306 2195 400 2274 Regio
431 2192 526 2275 1810]
556 2196 700 2255 omissum
728 2193 804 2256 baud
835 2193 924 2255 dubie
952 2202 997 2255 est
1018 2195 1193 2256 insiticium:
1223 2213 1290 2254 nam

145 2314 212 2386 post
238 2307 427 2387 participium
457 2299 587 2384 άναβάς
612 2305 693 2365 illato
724 2304 814 2366 verbo
842 2300 1051 2385 περιφράξας
1079 2300 1201 2384 διαβιῶ
1222 2322 1290 2364 cuno

146 2436 217 2477 voce
240 2410 329 2478 οὕτω
352 2419 511 2477 coniuncto
533 2415 665 2495 legitime
688 2415 773 2476 abest
794 2414 854 2476 καί
860 2413 890 2492 ¹).
924 2416 1028 2476 Cetera
1045 2413 1176 2476 Platonis
1198 2416 1292 2495 ipsius

146 2526 234 2587 verba
256 2546 341 2588 sana:
366 2546 433 2588 nam
458 2526 536 2604 quod
553 2525 733 2588 Benedictus
741 2523 763 2604 ²)
787 2544 823 2586 ex
839 2524 982 2605 Stephani
996 2524 1149 2587 Thesauro
1171 2526 1292 2604 scripsit

146 2633 382 2716 ἐπιπτόμενοι,
422 2655 481 2696 nun
515 2633 720 2717 κατόρθωμα
750 2645 796 2698 est
828 2635 880 2696 sed
913 2632 1200 2716 παραδιόρθωσις.
1255 2638 1291 2696 nt

145 2747 302 2825 fragmenti
336 2746 483 2807 Pindarici
516 2765 613 2826 neque
646 2747 735 2808 leutio
767 2755 846 2807 certa
877 2765 933 2808 nee
966 2764 1071 2807 sensus
1104 2748 1288 2826 perspicuus.

145 2854 258 2935 Duplex
282 2857 360 2915 euim
384 2853 510 2916 habetur
532 2859 694 2935 scriptura,
718 2857 809 2917 altera
832 2853 928 2929 δίκας
950 2863 980 2917 et
1001 2855 1141 2928 σκολιάς
1161 2849 1292 2927 ἀπάτας

140 2955 176 3025 ῑο
198 2964 329 3025 Platonis
352 2976 381 3026 et
396 2966 514 3026 Maximi
530 2963 640 3045 Tyrii3)
664 2965 749 3029 libris
772 2967 960 3046 vulgaribus,
983 2967 1060 3046 apud
1084 2963 1289 3042 Ciceronem⁴l

215 3227 240 3293 1)
265 3228 344 3279 Cous.
370 3230 515 3282 Heindorf.
535 3229 570 3280 ed
593 3229 676 3296 Gorg.
700 3233 792 3293 5135.
814 3226 853 3296 [p.
872 3234 931 3281 210,
959 3232 1057 3282 Aetius
1082 3231 1132 3281 Rei
1158 3229 1286 3295 publicae

145 3314 187 3363 ed.
205 3313 255 3368 [Il.
275 3330 299 3363 u.
321 3315 394 3368 1820.
412 3319 493 3380 putat
512 3302 585 3365 οὕτω
604 3316 648 3364 bio
667 3315 751 3364 aliam
770 3315 906 3364 rationem
924 3314 1023 3365 habore
1047 3321 1132 3380 atque
1150 3316 1179 3363 in
1198 3331 1288 3365 exem-

144 3398 197 3464 plio
216 3415 260 3464 ap.
278 3398 423 3450 Heindorf.
459 3399 520 3450 Nou
539 3396 643 3466 video]

211 3483 288 3549 2)1n
308 3485 475 3535 coniecturis
494 3487 522 3533 in
540 3483 611 3535 Plat.
630 3483 698 3537 libb.
717 3485 750 3534 de
769 3485 838 3549 Rep.
857 3484 939 3535 valde
958 3485 1060 3536 ieiunis
1078 3502 1105 3550 p.
1123 3486 1148 3535 8.
1179 3483 1221 3532 Ad
1239 3499 1288 3534 vo·

144 3585 202 3621 cem
221 3559 405 3635 ἐπιπτόμενοι
425 3569 545 3622 conferri
563 3574 656 3635 potest
673 3569 814 3620 Porsonua
832 3569 868 3620 ud
886 3570 979 3636 Eurip.
1000 3570 1072 3622 Med.
1091 3585 1133 3621 va.
1149 3567 1172 3622 1.

211 3651 238 3720 3)
256 3655 330 3709 Dios.
349 3654 456 3718 XVIII,
475 3670 501 3719 p,
521 3656 580 3706 208.
602 3650 639 3719 [p.
658 3657 707 3706 338
727 3654 769 3704 ed.
791 3651 899 3718 Reium]
923 3659 988 3704 ante
1007 3655 1158 3705 Davisium.
1197 3649 1289 3720 [*Hio

143 3739 321 3804 integriorem
345 3739 432 3788 locum
459 3739 592 3789 servavit:
621 3731 758 3805 Πότερα
784 3736 868 3810 δίκᾳ
891 3742 1006 3805 τεῖχος
1034 3726 1141 3803 ὕψιον
1169 3730 1186 3804 ἢ
1210 3753 1288 3790 σκο-

145 3825 239 3883 λιαῖς
259 3813 411 3882 άπάτιιις
430 3814 620 3887 ἀναβαίνει
639 3815 853 3890 ἐπιχθόνιον
871 3819 972 3890 γένος
990 3814 1185 3887 άνθράπων
1205 3821 1288 3890 δίχα

143 3924 201 3972 μοι
219 3903 299 3967 νόος
318 3899 504 3975 άτρέκειαν
524 3904 652 3964 ainaim·
670 3909 828 3973 ultimisque
846 3910 939 3961 verbia
957 3913 988 3959 ut
1005 3911 1063 3958 suis
1080 3924 1147 3959 nans
1165 3913 1209 3958 est
1221 3909 1288 3958 Dio-

144 3997 239 4057 nysius
261 3995 521 4046 ilalieemasoeuais
544 3993 578 4043 de
602 4009 689 4060 comp.
712 3995 788 4049 verb,
812 4008 835 4045 c.
855 3997 896 4044 21.
922 4010 948 4061 p.
972 3997 1022 4045 290
1046 3994 1155 4046 Schuaf.
1180 3992 1288 4056 (εοΗ1

144 4093 170 4142 p.
191 4080 239 4127 146
257 4078 365 4145 Raialr.)
383 4080 431 4130 ubi
448 4095 474 4131 v.
492 4080 578 4145 intpp.
589 4077 615 4145 ⁸]

210 4162 237 4226 4)
256 4163 297 4213 Ad
315 4165 371 4214 Ata
388 4165 470 4231 xm,
488 4166 535 4228 38,
552 4167 576 4215 2.
607 4162 722 4231 [*Nune
738 4182 776 4215 me
794 4167 863 4229 iuna,
885 4169 920 4217 mi
936 4168 1032 4230 Attice,
1050 4169 1168 4225 oonsilio,
1186 4158 1288 4218 πότε-

144 4263 204 4312 ρον
223 4247 325 4306 δίκας
343 4253 461 4316 τεῖχος
479 4240 602 4316 ὕψιον,
621 4253 649 4302 id
666 4259 705 4302 eet
723 4261 815 4318 aperte
833 4254 952 4303 bominem
970 4267 1099 4316 asperiter
1117 4259 1142 4302 et
1159 4267 1286 4317 respuam,

144 4324 321 4399 ἧσκολιᾶς
340 4325 489 4395 άπάτας,·
507 4344 533 4384 ut
551 4340 614 4386 enim
634 4337 748 4387 Pindaro
766 4340 803 4386 aie
822 4322 903 4404 δίχα
922 4353 981 4403 μοι
999 4331 1078 4396 νόος
1096 4326 1288 4400 άτρέκειαν

146 4415 303 4485 εἰπεῖν,*]
