2866 4912
648 1182 702 1276 B.

104 1399 305 1473 Prooemia
330 1399 497 1473 indicum
525 1399 730 1473 lectionum
760 1397 1019 1473 universitatis
1045 1396 1247 1470 litterariae

541 1526 807 1601 Berolinensis.

664 1734 690 1793 I.

155 1865 395 1940 Prooemium
428 1867 615 1940 semestris
653 1866 785 1942 aestivi
824 1865 913 1939 anni
946 1862 1194 1940 MDCOCXI.

158 1990 230 2091 (De
263 2006 482 2068 nostrorum
514 1994 725 2067 studiorum
759 1993 905 2066 ratione
938 2020 961 2066 a
991 1991 1195 2086 veteribus,

327 2120 484 2195 Graecis
509 2122 746 2220 praesertim,
774 2117 1026 2218 abhorrente.)

189 2322 337 2393 Quantum
365 2332 534 2385 nostrorum
557 2324 724 2385 studiorum
747 2325 836 2391 ratio,
863 2321 1096 2390 commilitones,
1126 2329 1243 2381 avete·
1268 2346 1283 2392 3

106 2428 189 2489 ribus
211 2430 385 2504 abhorreat,
415 2433 537 2495 Graecis
559 2435 749 2512 praesertim,
779 2432 945 2509 quibusque
973 2430 1064 2492 rebus
1092 2440 1145 2491 aut
1167 2428 1247 2489 illia

108 2538 206 2608 nobis,
231 2550 282 2601 aut
303 2540 340 2601 ab
362 2540 421 2603 illis
444 2521 498 2602 nos
520 2561 706 2622 superemur,
735 2560 824 2622 quum
848 2540 937 2602 lrodie
960 2559 1048 2602 nemo
1070 2538 1115 2600 vel
1139 2538 1250 2599 medio·

108 2652 198 2710 criter
227 2650 273 2711 bis
301 2651 408 2712 litteris
431 2651 561 2714 imbutus
584 2654 717 2731 ignoret:
742 2652 904 2713 verendum
928 2652 1020 2720 soret,
1050 2670 1087 2711 ne
1109 2667 1250 2729 superva-

106 2779 230 2823 caneum
260 2762 411 2822 rideretur
441 2764 505 2823 eius
534 2766 577 2824 rei
606 2763 768 2824 admonere
796 2782 846 2824 vos
874 2780 1025 2842 unumque
1053 2759 1123 2821 inde
1151 2760 1249 2821 locum

108 2873 209 2949 paucis
232 2870 438 2933 illustrandum
462 2871 634 2943 desumere,
659 2875 715 2934 nisi
738 2893 789 2934 vos
813 2875 863 2950 qui
880 2871 1077 2952 compellandi
1093 2870 1180 2931 nobis
1202 2868 1250 2928 hic

107 2981 190 3050 estis,
220 3000 324 3060 utngna
354 3001 388 3042 er
413 2989 497 3062 parte
519 2985 607 3044 variis
629 2983 758 3051 artibus,
788 3002 854 3043 cum
884 2984 1057 3062 antiquitate
1080 2980 1166 3041 docta
1190 2998 1249 3040 non

108 3090 265 3151 admodum
290 3093 468 3161 coniunctis,
491 3096 530 3153 ita
554 3096 660 3154 essetis
682 3095 802 3161 intenti,
827 3100 859 3152 ut
882 3094 1060 3154 Graecarum
1084 3091 1249 3152 litterarum

108 3201 200 3262 tontis
221 3201 418 3280 limpidissimi
448 3221 505 3263 non
530 3211 588 3264 tam
612 3203 766 3264 hauriendi
794 3205 919 3282 spatium
951 3201 1033 3262 voltis
1063 3209 1140 3262 esset
1162 3219 1249 3280 qnam

106 3310 265 3371 delibandi.
310 3313 350 3372 dc
381 3313 522 3374 vellemus
549 3332 621 3374 sane
649 3312 755 3374 liceret
782 3312 882 3373 nobile
911 3320 1119 3390 argumentum
1152 3310 1249 3390 aliqua

107 3420 258 3481 doctrinae
274 3420 409 3484 ubertate
425 3425 571 3484 instruere
586 3422 806 3502 luminibusque
821 3425 1034 3484 sententiarum
1051 3420 1248 3498 distinguam

107 3531 157 3590 sed
182 3531 399 3611 diligentiorem
424 3535 628 3594 tractationem
651 3533 708 3594 loci
730 3535 881 3612 angustiae
905 3552 963 3593 non
987 3533 1117 3611 capiunt.

194 3639 214 3719 ¹)
239 3642 357 3721 Optima
381 3645 468 3723 igitur
484 3645 664 3705 Graecorum
688 3651 781 3705 aetate
805 3663 863 3704 non
887 3644 975 3703 modo
997 3640 1072 3701 aliae
1090 3659 1139 3700 res
1162 3656 1248 3715 quam

107 3770 185 3812 nunc
208 3752 399 3822 docebantur,
424 3772 516 3832 quum
538 3764 658 3833 praeter
680 3756 814 3834 corporis
834 3754 1075 3815 exercitationem
1093 3751 1250 3810 musicam·

107 3878 163 3938 que
187 3871 216 3923 et
237 3866 340 3943 poesin
369 3867 503 3926 universa
532 3863 662 3926 liberalis
690 3866 834 3925 institutio
856 3864 984 3925 oratoria
1014 3868 1077 3921 arte
1100 3878 1134 3920 ac
1156 3858 1250 3939 philo·

175 4099 200 4167 1)
221 4097 312 4168 [Quae
331 4110 484 4168 sequnntur
504 4118 591 4168 nsque
615 4101 650 4151 ad
669 4101 813 4152 Strabonis
830 4099 922 4148 lecum
941 4114 968 4163 p
987 4100 1002 4148 t
1020 4118 1053 4138 ==
1071 4098 1105 4148 38
1123 4095 1250 4161 allatum,

106 4184 170 4234 hinc
188 4189 309 4252 repetite
332 4193 409 4250 sunt,
435 4192 463 4238 et
485 4187 570 4237 inscio
590 4186 712 4250 quidem,
736 4189 768 4233 nt
790 4183 911 4241 videtur,
936 4187 1050 4233 auctore
1070 4182 1117 4245 (ei.
1136 4183 1250 4248 primam

106 4270 315 4320 adnotationem
339 4272 373 4321 ad
396 4273 563 4336 prooemium
584 4275 654 4321 eost.
673 4285 698 4319 n.
717 4267 906 4319 Mocccxn.
927 4267 1002 4317 infre
1019 4284 1045 4333 p.
1063 4267 1107 4334 ta)
1127 4268 1251 4317 indetis

106 4355 246 4404 seminarii
266 4356 337 4418 regii
356 4360 384 4404 ot
402 4357 548 4405 societatis
566 4353 751 4418 philologicos
769 4353 936 4419 Lipsiensis,
956 4368 1027 4417 qnae
1046 4352 1154 4402 curavit
1173 4349 1204 4400 C.
1216 4351 1250 4399 D.

106 4439 265 4494 Beekius.
284 4440 345 4489 Vol.
361 4440 402 4498 11,
423 4440 525 4488 Partis.
544 4439 584 4493 11.
604 4440 679 4504 Lips.
699 4455 724 4492 n.
745 4443 809 4492 181³
828 4455 853 4504 p.
871 4439 921 4489 446
940 4435 1029 4503 seqq]

1021 4537 1062 4588 Q*
