2866 4912
623 245 773 347 At..

126 456 207 515 erat?
251 455 326 516 Num
350 460 444 514 tantas
465 451 644 514 caelestibus
666 455 772 515 animis
794 455 885 516 luisse
906 456 966 515 iras
988 454 1145 525 credibile,
1175 463 1206 515 ut
1233 472 1270 514 ne

125 572 221 626 morte
243 563 362 645 quidem
385 563 506 626 alterius
520 565 793 643 restinguerentur,
817 565 905 644 idque
927 585 1017 646 quum
1040 567 1078 636 is,
1102 567 1152 644 qui
1174 564 1270 626 adhuc

126 682 189 738 erat
210 682 375 756 superstes
399 683 479 736 esset
500 694 613 736 summa
636 678 822 738 senectute?

209 802 385 866 Praeclarus
412 811 456 864 est
482 803 683 885 Cyropaediae
710 802 836 887 locus¹),
871 804 923 865 ubi
951 806 1111 883 Tigranes,
1143 823 1159 865 a
1193 805 1290 883 Cyro,

75 895 78 899 ,
124 918 338 994 interrogatus,
368 914 420 976 uhi
443 922 521 976 essct
542 913 590 975 illc
613 915 759 996 sophista,
788 917 839 993 qui
867 933 1014 976 unacum
1042 934 1077 975 eo
1100 913 1169 975 olim
1193 921 1270 975 esset

125 1034 260 1095 venatus,
285 1043 433 1106 quemque
456 1027 582 1086 maxime
606 1027 683 1087 visus
698 1034 777 1088 esset
792 1025 946 1095 admirari,
970 1043 1038 1087 eum
1054 1021 1127 1086 dicit
1149 1045 1165 1087 a
1186 1032 1271 1105 patre

125 1157 179 1198 suo
202 1144 354 1206 necatum,
378 1135 456 1214 quod
472 1134 508 1196 ab
526 1154 561 1196 eo
583 1143 738 1216 putaretur
754 1139 908 1215 corrumpi
924 1133 1149 1217 (διαφθείρειν
1167 1128 1271 1196 αὐτὸν

125 1247 190 1327 ἔφη
214 1241 295 1329 e’pt'):
320 1265 387 1308 eum
411 1255 510 1308 tamcu
532 1265 627 1327 usque
649 1247 722 1309 adeo
738 1248 828 1309 luisse
844 1249 1001 1328 optimum,
1026 1253 1057 1307 ut
1079 1264 1168 1326 quum
1193 1256 1271 1307 esset

125 1359 301 1428 moriturus,
330 1356 366 1418 ad
395 1375 462 1419 sese
489 1358 660 1419 advocatum
690 1357 868 1427 hortaretur,
898 1376 936 1418 ne
963 1366 1155 1418 succenseret
1182 1358 1269 1435 patri,

125 1468 203 1548 quod
225 1466 263 1530 ab
290 1469 348 1530 hoc
376 1469 591 1529 interficeretur
613 1471 743 1529 amicus:
774 1485 870 1546 neque
899 1471 976 1529 enlm
1000 1466 1194 1546 malignitate,
1217 1467 1269 1528 sed

125 1580 239 1640 inscitia
262 1579 320 1640 hoc
341 1580 420 1648 deri;
445 1597 638 1658 quaecuuque
654 1597 724 1640 vero
739 1580 845 1640 tierent
866 1580 996 1650 inscitia,
1021 1597 1055 1640 ea
1077 1597 1136 1640 non
1154 1585 1268 1656 sponte,

124 1689 176 1752 scd
198 1691 307 1751 inritos
328 1691 427 1751 lacere
450 1688 593 1750 homiues.
631 1690 707 1752 Tum
731 1691 824 1769 Cyrus
846 1691 938 1770 patri,
962 1691 1012 1768 qui
1034 1690 1143 1750 lactum
1166 1688 1270 1749 deien-

125 1801 224 1870 derat,
248 1800 382 1861 Humana
406 1808 437 1860 tu
460 1799 545 1871 mihi,
568 1802 679 1880 inquit,
703 1799 811 1861 videris
833 1819 938 1881 passus
961 1819 1039 1862 esse:
1068 1807 1100 1860 tu
1122 1818 1206 1869 vero,
1231 1799 1267 1861 ad
1282 1811 1316 1858 30

124 1913 283 1989 Tigranem
318 1928 495 1981 conversus,
529 1912 623 1990 patri,
657 1910 763 1982 infert,
795 1913 941 1989 ignoscas.
1002 1911 1064 1972 llae
1097 1911 1269 1972 narratione

125 2021 270 2093 Socratis,
305 2039 393 2102 quem
427 2023 515 2083 etlam
547 2021 584 2081 ab
617 2022 763 2084 Aeschine
796 2029 914 2083 oratore
948 2040 984 2082 ex
1018 2019 1097 2099 uulgi
1129 2020 1269 2099 opinione

124 2133 303 2212 appellatum
326 2130 489 2212 sophistam
513 2134 661 2203 norimus,
685 2134 743 2194 lata
766 2133 869 2194 ultima
892 2139 921 2193 et
936 2134 1074 2193 iniustam
1089 2129 1268 2192 condemna-

124 2243 236 2302 tionem
258 2241 419 2319 slgnificari
446 2241 524 2302 haud
548 2241 675 2303 absurde
702 2244 823 2303 coniicit
846 2239 1078 2321 Fraguierius²)‚
1109 2240 1269 2303 Athenien·

126 2368 248 2428 semque
270 2349 425 2430 populum,
455 2352 604 2428 imperitia
625 2350 704 2413 haud
727 2351 819 2413 semel
844 2359 1015 2432 peccantem
1038 2352 1171 2413 excusari
1196 2368 1269 2430 quo-

126 2460 297 2531 dammodo,
327 2459 479 2522 Platonem
508 2479 578 2522 vero
612 2463 699 2523 tacite
727 2465 874 2533 accusari,
910 2459 988 2543 quod
1011 2461 1117 2521 civium
1140 2459 1270 2522 dedecus
1374 2535 1382 2544 ἱ

125 2568 282 2648 scelusque
310 2571 433 2631 nimium
461 2571 642 2632 dillamasset
668 2573 795 2651 seriptis.
839 2572 917 2634 Sane
942 2571 1147 2652 Xenophonti,
1177 2588 1268 2651 quum

124 2681 174 2743 illa
207 2679 367 2750 scriberet,
401 2679 576 2743 obversatus
610 2681 725 2743 ridetur
757 2683 908 2744 Socrates:
942 2682 1073 2744 Platonis
1100 2688 1197 2744 autem
1230 2700 1269 2742 ne

125 2793 247 2854 minima
276 2791 395 2869 quidem
424 2794 455 2852 iu
485 2811 521 2852 co
549 2775 616 2854 loco
644 2801 796 2872 comparet
817 2781 1023 2874 criminatio3).
1068 2792 1221 2853 Postremo
1244 2793 1270 2853 si

125 2905 256 2984 priorem
278 2901 458 2964 Alcibiadem
486 2903 617 2964 Platonis
643 2923 711 2965 curu
740 2903 856 2985 epilogo
883 2903 1087 2983 Xenophontis
1115 2920 1269 2983 compara·

126 3015 216 3086 reris,
240 3030 328 3092 quam
350 3011 466 3075 diversa
488 3012 620 3076 Platonis
642 3015 742 3096 opinio
764 3015 854 3076 luerit
875 3013 1120 3094 allenophoutea
1144 3012 1180 3073 de
1195 3013 1266 3073 Per·

124 3142 224 3186 sarum
247 3125 327 3203 regis
343 3122 532 3200 educatione,
555 3126 740 3187 institutione
756 3133 785 3187 et
806 3124 954 3195 moribus,
977 3123 1102 3206 intelligi
1118 3123 1270 3185 contendit

194 3412 220 3481 1)
238 3415 294 3478 111,
314 3415 341 3477 t,
360 3413 402 3466 ³8.
421 3412 485 3464 coll.
505 3415 545 3465 14.

192 3500 220 3567 2)
239 3517 266 3566 p.
284 3499 326 3550 66.

192 3585 219 3648 3)
243 3584 331 3646 Quam
354 3581 445 3633 debile
471 3582 524 3632 hoe
550 3583 588 3633 sit
613 3588 814 3649 argumentum,
842 3584 905 3651 ipsa
932 3584 1088 3652 Fraguierii
1117 3584 1268 3635 ostendunt

123 3671 224 3721 verbs:
244 3669 300 3733 „Jo
319 3667 442 3731 n’igu'ore
461 3681 512 3732 pas
529 3666 662 3733 Popinlon
680 3684 821 3720 commune
839 3668 972 3720 touchant
989 3668 1019 3720 le
1030 3667 1268 3734 masintelligenee

125 3755 159 3806 de
181 3754 283 3807 Pluton
307 3757 336 3804 et
358 3752 391 3802 de
414 3749 576 3817 anophom
612 3750 694 3805 (tetes
716 3756 828 3819 opinion
850 3756 895 3804 ost
915 3753 1145 3820 principalement
1167 3749 1267 3803 tondeo

124 3857 172 3892 sur
189 3839 322 3905 quelques
341 3837 494 3901 fragments
513 3835 546 3887 de
569 3837 668 3888 lettres
690 3836 844 3889 attribudes
862 3838 880 3888 le
898 3853 929 3889 ce
948 3839 1070 3902 dernier,
1094 3853 1147 3903 pen
1170 3837 1269 3902 dignes

125 3924 157 3974 de
177 3924 237 3989 luy,
261 3927 289 3972 et
308 3922 355 3987 qni
372 3936 406 3971 ne
424 3925 488 3971 sont
505 3927 668 3987 pant-estre
687 3936 737 3988 pos
754 3922 816 3987 plus
834 3921 997 3984 veritobles,
1023 3938 1074 3988 qne
1098 3922 1126 3973 la
1143 3921 1269 3988 pluspart

126 4008 175 4058 des
193 4008 302 4070 lettres,
323 4006 368 4071 qui
387 4010 501 4072 pressent
517 4020 586 4071 pour
603 4011 676 4056 estre
694 4004 727 4055 de
746 4021 778 4057 ee
796 4005 946 4071 temps-lit“
970 4012 1021 4062 ete.
1057 4009 1200 4059 Postremo
1219 4006 1268 4058 ud·

126 4093 179 4143 dit:
207 4093 301 4156 „Mais
320 4090 437 4159 quelque
455 4090 582 4155 opinion,
606 4105 658 4154 que
676 4088 732 4139 l’on
750 4091 790 4141 sit
807 4105 855 4140 sur
872 4090 900 4141 la
917 4089 1066 4157 pretendere
1079 4089 1201 4156 jslonsie
1221 4094 1267 4159 qui

125 4177 238 4228 dirisoit
257 4191 303 4226 ees
327 4175 398 4226 doux
421 4174 523 4241 grands
540 4174 675 4238 hommes,
698 4173 722 4223 si
741 4173 811 4225 dous
827 4172 981 4240 Xenophon
1004 4175 1057 4228 elle
1076 4194 1094 4228 s
1111 4177 1222 4244 produit
1238 4177 1268 4228 la

124 4258 227 4327 pcnsdo
245 4258 359 4310 d'dcrire
376 4260 419 4310 les
436 4260 568 4310 Discours
586 4255 767 4309 mdmorables
784 4258 818 4309 de
837 4260 967 4325 Socrate,
993 4266 1021 4312 et
1037 4261 1146 4329 d'apres
1169 4279 1221 4314 eux
1239 4261 1268 4315 la

125 4343 295 4413 Cyropddie,
313 4344 334 4394 il
353 4335 416 4395 foui
431 4343 562 4394 conrenir
579 4357 648 4394 avec
665 4345 834 4409 un-eneien,
854 4360 908 4411 que

388 4446 431 4498 ha
448 4445 521 4496 noble
533 4446 648 4511 jalorsste
664 4453 703 4498 ert
720 4448 781 4499 utile
797 4463 852 4498 oux
867 4447 1006 4511 morteis.“,
