2866 4912
683 251 724 317 63

132 466 163 521 et
190 461 221 522 iu
250 458 343 521 mem
372 459 620 538 interpretatione
647 460 749 522 Latina
760 460 795 539 ¹);
831 464 922 524 aitera
957 460 1035 543 δίκᾳ
1069 468 1099 520 et
1128 462 1278 533 σκολιαῖς

134 564 277 642 ἀκάτοις
304 572 334 631 iu
358 568 512 630 codicibus
534 568 665 631 Platonis
687 573 798 634 Veneto
828 572 871 654 [h.
903 593 928 633 e.
952 573 1025 633 Ven.
1050 567 1111 632 185
1142 571 1276 638 Beirberi.

130 700 198 742 curn
221 657 296 743 aiter
312 680 383 741 Ven.
404 675 464 741 184
479 678 624 758 vulgatam
642 682 784 760 praebeat
799 679 973 761 lectionem]
997 699 1031 743 ac
1046 681 1138 758 Regio
1163 677 1277 760 [1652]

130 799 162 851 et
186 791 303 852 Maximi
332 790 425 867 [tegio
453 798 542 868 atque
570 789 744 862 llarieiano,
773 812 809 853 ex
836 792 945 873 quibus
973 792 1105 870 reposuit
1133 789 1275 856 Davisius,

131 902 263 979 itemque
285 898 360 981 [⁴in
390 898 455 958 loco
478 901 565 960 Attici
587 899 767 982 Platonici*]
797 902 875 983 apud
898 901 1061 963 Eusebium
1087 895 1275 978 Pampirilii).

131 1008 216 1088 [iidie
241 1011 413 1089 nuperrime
442 1028 476 1070 ex
500 1008 635 1071 codicum
664 1012 721 1073 fide
750 1015 837 1073 etiam
861 1012 1015 1074 lieltherus
1037 1009 1118 1070 dedit
1147 1005 1225 1092 δίκᾳ
1248 1016 1278 1069 et

131 1119 283 1192 σκολιαῖς
305 1113 497 1199 exarator]
532 1119 593 1180 lam
616 1122 640 1180 si
656 1123 738 1200 prior
760 1121 847 1185 lectio
864 1140 932 1184 vera
955 1128 1014 1190 est,
1039 1138 1105 1180 cum
1123 1115 1275 1198 Ernesto³)

130 1228 167 1289 ad
189 1230 350 1308 genitivum
374 1228 512 1301 σκολιᾶς
533 1223 663 1302 ἀπάτας
685 1231 883 1312 supplendum
906 1239 951 1293 est
969 1236 1089 1310 τεῖχοςι
1114 1248 1183 1290 nam
1197 1228 1276 1306 quod

132 1356 264 1419 nuperus
286 1337 480 1418 Reipublicae
503 1339 629 1415 editori)
652 1359 753 1402 vocem
784 1334 983 1422 ἀναβαίνειν
1006 1339 1153 1420 duplicem
1176 1338 1225 1399 iric
1248 1347 1276 1399 et

133 1456 314 1510 structuram
337 1457 367 1508 et
389 1449 632 1526 significationem
650 1450 760 1511 babere
776 1451 861 1522 dicit,
887 1458 918 1511 ut
933 1451 1061 1530 primum
1077 1444 1276 1528 ἀναβαίνειν

131 1564 238 1637 τεῖχος
259 1560 299 1619 sit
319 1559 484 1620 oscendere
504 1562 635 1629 moenio,
659 1559 768 1622 deiude
782 1554 981 1641 ἀναβαίνειν
996 1559 1134 1632 σκολιᾶς
1148 1549 1278 1631 ἀπάτας

132 1677 296 1748 exponatur
318 1670 440 1743 irrprcdr'
459 1672 509 1729 eia
524 1671 600 1737 doir',
624 1670 659 1730 ad
682 1671 777 1732 Ficiui
797 1673 942 1731 rationem
951 1670 1059 1739 3'istud
1076 1677 1276 1731 commentum

132 1795 235 1840 vereor
264 1787 296 1838 ut
324 1778 425 1839 metitis
453 1779 607 1858 probetur.
651 1779 742 1841 Nobis
764 1799 835 1842 vero
866 1780 977 1860 (iicebit
999 1783 1077 1841 enirn
1101 1781 1202 1859 paucis
1224 1779 1274 1839 de·

134 1888 217 1967 iungi
238 1890 268 1947 iu
293 1906 325 1947 re
349 1889 441 1969 tenui)
470 1888 561 1949 aitera
591 1889 678 1949 lectio
708 1891 800 1952 multo
828 1893 921 1969 magis
945 1890 1103 1970 probatur,
1133 1889 1276 1967 imprimis

132 2005 263 2076 spectato
285 1997 508 2059 Pindaricorum
533 1998 692 2061 verborum
716 2010 834 2070 tenore,
860 2019 936 2081 (puae
959 2020 994 2061 ex
1018 2007 1173 2060 auctorum
1197 2006 1276 2057 vete-

131 2124 196 2169 rum
219 2109 397 2170 tesdmeniis
418 2109 594 2171 concinnata
617 2108 691 2170 baec
713 2119 795 2172 sunt:

333 2237 519 2325 Πότερον
541 2241 634 2327 δίκᾳ
656 2252 792 2325 τεῖχος
813 2240 939 2320 ὕψιον

332 2344 355 2432 ἢ
377 2353 567 2425 σκολιαῖς
589 2348 763 2427 ἀπάταις
785 2350 1006 2434 ἀναβαίνει

334 2459 579 2542 ἐκιχθόνιον
600 2461 720 2543 γένος
741 2458 922 2545 ἀνδρῶν,

333 2570 426 2653 δίχα
448 2592 514 2653 μοι
537 2571 632 2647 νόος
653 2567 873 2657 ἀτρέκειαν
896 2571 1072 2651 εἰπεῖν’)

128 3108 281 3169 Sententia
310 3111 451 3172 carminis
477 3120 595 3190 aperta:
629 3111 733 3172 Utrum
759 3115 887 3181 iustitia,
909 3129 949 3171 on
977 3113 1052 3171 dolis
1077 3111 1201 3186 obliquis
1228 3113 1273 3170 oi·

128 3222 191 3280 tius
217 3220 388 3294 fortiusque
413 3225 624 3282 matnimentum
648 3239 744 3295 pertus
772 3223 935 3283 humanum
962 3229 1086 3298 occupet
1093 3269 1100 3289 .
1129 3238 1273 3297 suspenso

129 3330 203 3389 mitt
221 3346 304 3391 meets
325 3327 407 3408 esti).
442 3331 497 3392 Ubi
520 3341 604 3391 notes
625 3323 728 3405 ὕψιον
751 3350 810 3392 nou
834 3351 899 3393 esse
920 3324 1072 3411 ὑψηλόν,
1096 3339 1128 3392 ut
1150 3331 1272 3392 Schnei-

134 3483 206 3491 ——-
217 3484 312 3492 .---
323 3486 357 3491 ...-

199 3592 227 3657 1)
250 3594 363 3652 „Utrum
384 3595 495 3644 iustitiae
517 3596 684 3645 conscendam
706 3597 759 3645 aito
777 3597 887 3658 moenia,
911 3612 945 3644 mr
963 3595 1077 3659 obliquus
1094 3594 1147 3643 deli
1164 3594 1217 3642 uiae
1234 3594 1273 3641 ιά-

126 3679 275 3741 predior?‘'

196 3762 223 3826 2)
248 3762 279 3813 P.
304 3764 334 3813 b).
357 3763 416 3825 XV,
441 3764 464 3817 5.
494 3759 590 3830 [ἐίψε
613 3760 652 3830 μὴ
679 3762 830 3831 μέλλοιμεν
852 3757 985 3831 ἀγνοεῖν,
1013 3756 1161 3826 πότερον
1188 3759 1272 3830 δίκᾳ

130 3840 253 3912 τοῖχος
282 3835 391 3912 ἀψιον
418 3835 437 3912 ἢ
463 3850 624 3909 σκολιαῖς
651 3842 804 3908 ἀνιάταις
834 3843 1023 3912 ἀναβαίνει
1055 3836 1272 3911 ἐπιχθονίων

130 3925 230 3994 γένος
252 3921 429 3999 ἀνδρῶν’]
454 3934 501 3985 ubi
525 3938 618 3984 tamon
644 3932 713 3999 δίκᾳ
736 3936 831 4000 τεῖχος
854 3938 1012 3997 corruptum
1036 3936 1078 3980 est
1102 3930 1129 3979 in
1148 3922 1185 3994 ὃν)
1204 3919 1270 3979 κατ’

130 4012 223 4081 ἴχνος,
242 4020 370 4067 monente
388 4017 557 4069 Schneidero
575 4020 712 4083 Frugrnm.
732 4017 810 4070 Pind.
830 4033 856 4083 p.
874 4018 915 4067 82.
935 4016 977 4067 ed.
997 4016 1086 4079 iloyu.

196 4100 223 4164 8)
243 4099 321 4150 Clau.
341 4099 397 4154 cie.
416 4118 441 4167 p.
460 4103 520 4153 889.
538 4104 597 4158 893.

196 4184 223 4249 4)
241 4182 349 4250 [Aetius
367 4186 396 4234 in
415 4186 457 4237 ed.
478 4202 503 4242 u,
522 4189 596 4239 1804.
614 4203 640 4252 p.
659 4184 730 4252 384.)

196 4268 222 4333 b)
238 4270 271 4322 V.
290 4271 425 4334 Fregmm.
444 4270 524 4320 l‘ind.
544 4270 561 4320 1.
581 4287 604 4324 c.
625 4267 674 4336 [cf.
687 4273 809 4322 auctoris
828 4270 942 4321 edition.
957 4270 974 4323 i.
988 4268 1026 4336 c]
1047 4270 1095 4321 tubi
1113 4271 1185 4335 quod
1203 4273 1271 4321 Her-

130 4369 245 4404 mennus
263 4357 370 4419 recepit
387 4347 425 4420 δι)
443 4345 510 4405 κατ’
528 4353 606 4420 ίχνος
619 4343 731 4419 ἀπτιον,
750 4372 804 4406 non
817 4357 907 4420 video,
928 4357 972 4421 qui
987 4356 1075 4420 possit
1088 4354 1178 4406 iocum
1191 4355 1269 4406 tueri.

199 4439 226 4502 6)
251 4437 294 4505 [In
316 4440 429 4489 Pindari
452 4441 574 4491 editione
597 4445 694 4490 auctor
716 4442 828 4506 propius
851 4442 886 4491 ad
906 4446 1011 4493 (trueco
1033 4443 1118 4492 verbu
1136 4441 1272 4491 accedeus
