2866 4912
625 325 631 329 .
679 234 775 331 4⁷--

132 439 188 496 tius
204 437 297 517 prodit
310 446 328 468 ‘¹
344 438 376 497 C.
389 437 409 497 l.
422 438 456 498 G.
471 436 532 497 Vol.
549 438 581 498 ll.
592 459 619 518 p.
633 436 748 519 mou]
765 438 854 498 tradit
869 441 898 498 iu
916 437 1054 516 Soloue²)
1072 442 1109 498 lta
1126 439 1273 498 scribens:

131 541 186 606 nel
209 543 267 617 τὰς
289 541 400 625 φυλάς
423 545 510 607 εἰσιν
532 544 569 607 οἱ
586 544 738 627 λέγοντες
760 540 822 608 οὐκ
851 539 917 606 ἀπὸ
944 545 1012 607 τῶν
1030 541 1150 619 Ἴωνος
1177 542 1273 624 οἰῶν,

131 649 204 716 ἀλλ’
228 649 296 716 ἀπὸ
318 656 388 716 τῶν
415 658 540 735 γενῶν,
570 655 617 729 εἰς
643 651 666 716 δι’
693 654 902 736 διῃρέθησαν
931 653 966 716 ol
989 654 1071 735 βίοι,
1100 655 1275 736 τονιριότον

131 759 346 845 ὠνομάσθαι,
376 759 415 825 sd
436 764 499 847 μὲν
520 763 666 847 μάχιμον
683 759 838 838 Ὁπλίτας
861 765 1014 846 [corrige
1027 759 1218 845 ‘'Occlusae“
1242 768 1272 827 C.

131 874 152 934 Ι.
177 877 211 934 G.
237 874 254 934 l.
272 874 330 953 c.],
360 864 397 937 τὸ
419 873 456 937 δὲ
480 869 659 956 ἐργατικὸν
678 869 860 955 Ἐργάδεις
883 873 980 936 δυεῖν
1002 871 1040 937 δὲ
1055 874 1124 935 τῶν
1146 875 1275 936 λοιπῶν

131 980 316 1056 Γεδὲοντας
338 981 401 1062 μὲν
428 979 506 1058 τούς
531 980 718 1066 γεωργούς,
748 982 941 1065 Αίγικόρεις
967 982 1005 1079 δὲ
1032 977 1111 1056 τούς
1139 978 1194 1045 ἐπὶ
1216 1005 1274 1045 νο-

130 1102 207 1173 μαῖς
228 1089 284 1154 καὶ
306 1093 519 1174 προβατείαις
533 1093 778 1175 διατρίβοντας.
808 1097 852 1156 ab
876 1097 930 1156 lmc
950 1097 1095 1156 sententia
1112 1094 1273 1173 paullulum

132 1205 244 1264 recedit
273 1203 424 1282 Straboil.
454 1205 503 1266 ubi
532 1206 568 1265 de
597 1205 683 1271 lone.
708 1198 742 1266 Ὁ
765 1201 817 1284 δὲ,
846 1206 956 1282 iuquit,
986 1201 1206 1284 πρῶτονμὲν
1229 1202 1276 1275 εἰς

140 1348 357 1357 ——-—-———

199 1434 225 1491 1)
244 1431 311 1496 Cap.
330 1436 371 1483 23.
410 1429 570 1490 Γεδὲοντας
589 1436 690 1484 retinui
710 1450 742 1483 cx
761 1433 813 1485 fide
832 1433 961 1484 librorum
980 1440 1115 1484 veterum:
1136 1431 1274 1481 (lanterna

130 1518 249 1566 correxit
279 1512 451 1582 Γελέοντας,
484 1519 517 1567 ll.
547 1518 705 1582 Stephanus
733 1513 899 1576 Τελέοντας.
947 1521 1075 1570 Nostram
1105 1518 1274 1566 sententiam

133 1600 225 1664 paullo
244 1602 385 1666 posuimus
402 1602 476 1650 iufra
497 1598 535 1666 [p.
554 1605 570 1652 5
588 1618 664 1667 seqq.
682 1625 716 1648 =
734 1605 765 1652 51
786 1599 887 1669 seqq,].
1031 1591 1037 1606 ⁴

199 1703 226 1766 2)
246 1702 326 1762 VllI,
349 1719 375 1768 p.
396 1704 445 1753 383
464 1703 494 1752 Ο.
531 1702 693 1753 Strabonem
716 1711 828 1754 secutus
851 1705 910 1755 fere
929 1706 1115 1756 videturesse
1134 1705 1274 1755 Universi·

131 1787 198 1835 tutis
218 1794 329 1836 nostrae
348 1787 502 1837 litterariae
521 1788 618 1850 decus,
643 1789 673 1838 B.
693 1789 726 1839 G.
746 1788 869 1837 Niebuhr
886 1789 958 1838 Hist.
984 1792 1060 1841 Rom.
1080 1792 1111 1840 T.
1130 1789 1152 1839 I.
1172 1806 1197 1854 p.
1216 1791 1275 1840 226.

131 1872 175 1934 qui
195 1877 286 1921 tamon
305 1877 437 1935 quattuor
454 1871 566 1922 Ionicae
585 1874 678 1935 gentis
692 1873 806 1937 populos
824 1872 893 1923 dicit
912 1889 973 1922 csse
987 1874 1182 1934 sacerdotum,
1203 1873 1275 1922 Mili-

131 1962 203 2017 tum,
222 1956 412 2018 agricolarum
432 1961 461 2005 et
473 1957 624 2018 Pastorum,
643 1972 723 2021 quum
738 1956 838 2006 Strabo
858 1959 988 2009 Pastores
1007 1960 1138 2023 ignorans
1154 1958 1276 2022 appellet

132 2045 258 2104 quartam
278 2040 389 2105 stirpem
409 2039 551 2104 Opificum.
580 2041 626 2090 Sic
645 2040 839 2105 Geogrnplrus,
858 2042 882 2090 si
903 2038 1062 2101 Τελέοντας
1079 2044 1197 2108 putabat
1215 2058 1275 2092 esse

132 2124 290 2188 Agricolas,
314 2141 330 2172 a
354 2126 455 2175 ceteris
480 2126 662 2191 scriptoribus
685 2126 713 2174 in
736 2125 788 2175 hoc
811 2140 865 2174 uno
883 2126 1014 2187 discedit,
1038 2128 1109 2191 quod
1133 2128 1274 2177 Pastorum

135 2209 196 2257 loco
215 2209 291 2272 pouit
305 2208 484 2272 Sacerdotes,
504 2214 654 2259 annotante
667 2210 827 2272 Musgravio
846 2210 880 2258 ad
894 2211 988 2275 Enrip.
1002 2210 1060 2262 lou.
1073 2228 1098 2260 v.
1114 2213 1187 2263 1577.
1211 2227 1276 2276 quo·

134 2291 211 2340 modo
230 2297 322 2340 tamen
336 2292 393 2341 lieri
407 2297 541 2357 potuerit,
560 2300 590 2342 ut
608 2284 770 2360 Αἰγικόρεις
783 2309 832 2357 pro
845 2293 980 2343 ministris
992 2310 1130 2344 sacrorum
1143 2295 1275 2345 baberen-

133 2381 185 2435 tur,
206 2390 315 2438 prorsus
334 2391 388 2425 non
408 2376 544 2438 intelligo.
574 2377 614 2425 An
635 2378 721 2441 igitur
739 2377 916 2425 statuendum
935 2383 991 2436 cst,
1010 2378 1172 2428 Strabonem
1194 2375 1276 2429 Τελέ-

131 2473 217 2517 οντας
245 2474 294 2523 pro
323 2459 532 2523 Sacerdotibus,
560 2453 722 2526 Alpino'petc
749 2475 797 2524 pro
824 2459 961 2525 Agricolia
988 2461 1138 2511 babuisse?
1179 2461 1274 2527 [„Non

131 2548 163 2591 ut
185 2543 251 2593 olim
273 2544 418 2608 putabam,
447 2545 534 2593 tribus
558 2549 587 2593 et
608 2545 685 2594 vitae
709 2559 811 2609 genera
838 2543 987 2608 distinguit
1009 2545 1122 2607 Strabo,
1150 2547 1197 2595 sed
1224 2547 1276 2596 boc

134 2627 208 2677 vult:
252 2627 324 2690 „lon
352 2629 465 2693 primurn
499 2630 644 2678 constituit
671 2634 801 2694 quattuor
827 2629 929 2691 tribus,
963 2629 1027 2679 dein
1055 2645 1120 2680 vero
1147 2636 1277 2695 quattuor

130 2712 207 2762 vitae
232 2728 336 2776 genera
360 2713 458 2762 ineolis
486 2713 643 2777 assignavit
662 2712 716 2775 (his
741 2714 842 2778 quippe
867 2714 1005 2777 tribubus,
1029 2714 1139 2779 singula
1160 2716 1278 2780 singulis

131 2797 372 2862 comprehensa).⁴‘
408 2798 483 2859 Quos
500 2813 567 2848 vero
590 2792 723 2861 φύλακας
746 2797 815 2847 dicit
834 2798 944 2857 Strabo,
970 2814 1017 2848 eos
1040 2806 1120 2864 patet
1140 2815 1201 2850 esse
1221 2801 1275 2850 Ho-

131 2880 331 2946 pletee;·idem
351 2886 382 2930 ut
400 2883 486 2932 ceteri
509 2883 693 2947 agricolarum
712 2886 741 2932 et
759 2880 884 2948 opificum
904 2884 1018 2948 stirpem
1037 2886 1179 2949 agnoscit,
1207 2902 1275 2950 quos

131 2981 191 3014 eum
211 2974 426 3017 cousentaneum
449 2971 493 3017 est
509 2967 640 3018 babuisse
664 2983 712 3033 pro
736 2966 918 3017 Geleontibns
945 2973 973 3017 et
996 2969 1216 3034 Argadensibus,
1244 2975 1275 3019 ut

132 3051 219 3100 ceteri
239 3052 365 3100 lecerunt
381 3056 518 3101 veterum:
536 3052 703 3116 relinquitur
721 3053 819 3116 igitur,
837 3059 868 3103 ut
887 3051 987 3102 Strabo
999 3053 1209 3118 Aegicorenses,
1228 3055 1275 3119 qni

130 3136 278 3185 manifesto
301 3141 426 3199 pastores
448 3141 524 3199 sunt,
548 3152 597 3202 pro
619 3135 780 3187 sacrificulis
798 3131 941 3202 habuerit,
965 3137 1046 3187 credo
1069 3138 1141 3202 quod
1164 3144 1275 3203 putaret

131 3219 332 3285 Aegicorenses
351 3221 454 3271 aluisse
478 3223 614 3287 pecudes,
638 3237 671 3272 ex
695 3222 794 3287 quibus
811 3221 917 3272 hostias
935 3237 983 3287 pro
1006 3223 1136 3273 universo
1154 3224 1274 3274 immola·

131 3311 194 3355 rent
217 3305 325 3370 populo.
362 3307 491 3369 Accedit,
515 3306 586 3372 quod
611 3307 634 3356 si
657 3306 858 3372 Aegicorenses
876 3307 1005 3357 Straboni
1028 3312 1093 3358 sunt
1114 3308 1272 3373 sacrificuli,

128 3391 202 3439 iusto
227 3390 320 3441 ordine
343 3392 473 3456 produxit
495 3392 582 3441 tribus
605 3391 665 3442 sive
688 3393 763 3442 vitae
787 3407 902 3457 genero,
927 3391 1076 3443 Geleontes
1099 3385 1272 3460 (γεωργούς),

129 3475 305 3540 Argadenses
323 3469 553 3543 (δημιουργούς),
573 3476 773 3541 Aegicorenses
790 3469 997 3542 (ΐεροποιούς),
1016 3476 1149 3542 lIopletes
1168 3471 1274 3542 (φύλα-

128 3559 192 3622 κας)
217 3558 250 3611 de
274 3576 327 3625 quo
351 3561 447 3611 ordine
471 3568 499 3611 et
523 3560 631 3626 supra“
660 3561 732 3626 (loco
755 3560 850 3610 statim
873 3561 986 3610 citando
1010 3576 1036 3625 p.
1055 3562 1128 3612 9281>
1147 3576 1224 3626 seqq.
1247 3578 1273 3611 v.

129 3645 203 3694 infra
222 3645 256 3694 ad
274 3662 300 3711 p.
319 3648 335 3696 b
352 3666 387 3689 =
404 3645 447 3710 m)
466 3662 527 3709 „ex
545 3646 692 3710 Cyzicenis
714 3645 806 3696 titulis
829 3645 885 3694 dixi
910 3648 938 3695 et
959 3661 1020 3695 mox
1038 3648 1137 3696 iterum
1156 3643 1272 3695 dicam“

128 3727 240 3792 (ibidem
260 3747 286 3795 p.
305 3730 376 3794 931).
412 3732 492 3794 „Nec
511 3735 603 3781 tamen
626 3746 727 3796 magna
750 3731 779 3780 in
801 3729 857 3780 ista
880 3731 1110 3794 interpretatione
1130 3729 1273 3780 Strabonis

127 3815 281 3865 auctoritas
300 3822 343 3865 cst
362 3831 378 3865 a
396 3817 498 3866 ceteris
511 3817 693 3881 scriptoribus
706 3815 911 3877 dissentientis,
931 3830 1014 3878 quum
1032 3815 1195 3880 praesertim
1212 3830 1274 3879 pro-

129 3899 189 3947 nior
215 3899 300 3949 luisse
326 3900 360 3949 ad
384 3901 558 3950 sacerdotum
581 3903 694 3967 stirpem
717 3898 892 3951 statuendam
915 3899 1057 3961 videatur,
1081 3899 1128 3962 qui
1149 3903 1222 3948 essct
1241 3914 1274 3948 ex

128 3983 299 4034 sacerdotali
323 3985 431 4035 familia
453 3992 621 4052 prognatns;
644 3986 825 4049 omnibusque
847 3985 923 4034 vitae
947 3983 1096 4049 generibus
1119 3985 1274 4033 communia

130 4067 204 4132 apud
224 4069 346 4120 Graecos
365 4071 522 4122 sacerdotia
542 4072 628 4121 luisse
648 4069 734 4119 multa
752 4070 854 4119 docent
872 4068 976 4118 indicia
993 4065 1041 4130 (cf.
1054 4067 1150 4120 odofr.
1163 4067 1272 4119 Miiller.

127 4152 195 4206 Min.
214 4153 274 4205 Pol.
293 4170 321 4219 p.
339 4156 355 4205 9
374 4169 432 4221 sqq.
468 4155 596 4221 Prolegg.
615 4153 730 4218 Mytbol.
749 4169 777 4218 p.
796 4154 847 4202 249
865 4151 946 4218 sqq).
983 4152 1165 4203 Consistimus
1188 4155 1274 4220 igitur

129 4237 158 4286 in
177 4254 212 4288 ea
227 4239 425 4290 vocabulorum
443 4241 687 4304 interpretatione,
705 4253 785 4303 quam
805 4236 888 4303 paulo
906 4244 971 4288 unte
990 4241 1121 4303 proposui
1140 4254 1174 4288 ex
1192 4245 1272 4290 vetu-

128 4324 178 4372 stis
196 4325 373 4389 anctoribus,
398 4326 560 4390 quibuscum
583 4322 726 4374 conciliari
749 4326 904 4388 nequeunt,
927 4337 1115 4388 quaecumque
1135 4322 1208 4373 aliae
1228 4340 1272 4372 cx-

127 4406 294 4473 plicationea
312 4409 415 4461 allatae
434 4414 506 4459 sunt.
542 4411 600 4459 l'ac
618 4408 769 4458 Gelcontes
788 4424 810 4458 s.
829 4408 979 4458 Teleontes
997 4408 1103 4460 nobiles
1121 4408 1164 4461 vel
1184 4425 1273 4459 sacer·
