2866 4912
136 410 318 491 Quamquam
335 430 393 471 non
412 428 487 489 nego
504 413 591 472 etiam
609 415 686 473 inter
702 413 859 475 Geleontes
880 434 904 474 s.
921 413 1066 493 agricolas
1081 417 1212 495 potuisse
1228 435 1281 476 no-

136 522 210 584 biles
225 521 349 583 familias
372 539 445 582 esse·
460 529 489 581 et
512 520 689 583 tributorum
712 523 874 586 immunes:
904 534 935 584 ut
957 525 1102 596 liutadae,
1127 543 1200 603 quos
1222 528 1279 588 Ge-

135 631 283 693 leontibus
298 650 495 693 annumerare
511 649 570 693 uon
587 632 706 703 dubito,
730 634 853 712 posthac
873 641 955 696 certe
971 635 1158 714 praestabant
1175 634 1280 697 nobili·

135 751 195 804 late
210 749 241 803 et
254 750 392 822 poterant
407 759 422 802 a
439 741 556 803 tributis
570 741 657 803 liberi
674 745 761 804 etiam
778 745 982 821 antiquissima
998 752 1093 806 aetate
1110 763 1183 813 esse.
1201 747 1278 825 quod

134 855 388 915 sanctissimarum
421 853 668 915 caerimoniarum
697 853 914 915 administratio
943 863 1021 916 esset
1049 875 1104 935 pro
1134 856 1278 935 vectigali,

134 964 251 1042 diisque
272 965 328 1044 ipsi
349 962 567 1042 quodammodo
589 963 736 1025 tributarii
757 974 888 1026 essent.“
918 964 985 1026 (1.1.
1002 967 1036 1030 G.
1053 965 1072 1025 l.
1090 984 1115 1026 o.
1132 985 1161 1046 p.
1178 963 1277 1028 931t.

134 1110 176 1122 -
198 1093 284 1146 „non
309 1122 315 1134 .
341 1118 347 1132 .
373 1120 379 1133 .
404 1117 412 1134 .
435 1092 557 1134 neeesse
584 1081 629 1135 est
657 1076 819 1155 contempti
849 1076 961 1136 luerint
991 1075 1182 1159 (Teleontes):
1207 1096 1278 1155 pau·

134 1185 213 1247 latim
236 1185 356 1247 demum
384 1183 481 1261 aliqua
510 1202 613 1245 eorum
643 1203 712 1264 pars
740 1184 776 1245 ad
806 1193 1009 1265 paupertatem
1033 1185 1151 1248 redacta
1174 1207 1277 1267 perve-

134 1299 212 1358 nerit
233 1299 264 1357 in
287 1296 493 1358 condiclonem
517 1311 635 1362 eorum,
660 1296 710 1374 qui
733 1295 934 1377 anteLSolonis
949 1294 1162 1375 legislationem
1178 1297 1279 1377 θῆτες

133 1416 163 1468 et
186 1402 375 1488 ἑκτημόριοι
397 1423 421 1466 s.
446 1399 623 1485 ένιημόροι
650 1407 745 1466 vocati
773 1415 874 1467 sunt.“
918 1405 991 1468 ibid.
1016 1426 1044 1486 p.
1069 1403 1183 1487 932h.]
1228 1408 1277 1469 Sic

133 1526 263 1578 veterum
292 1516 520 1589 iudicabant-ii,
549 1532 674 1592 quorum
698 1519 876 1578 sententiam
899 1515 1076 1578 Plutarchus
1098 1517 1170 1586 illis.
1201 1535 1276 1595 quae

132 1647 221 1709 supra
251 1627 293 1707 [p.
321 1625 343 1688 4
370 1651 412 1678 =
438 1623 494 1706 47]
524 1626 729 1705 apposuimus,
764 1627 860 1704 tetigit
889 1627 997 1687 verbis:
1032 1629 1076 1687 sic
1105 1636 1187 1688 reete
1221 1629 1276 1689 Te·

132 1734 265 1810 λέοντες
288 1739 366 1798 tertii
388 1744 458 1797 sunt
480 1735 556 1815 apud
580 1735 707 1796 eundem
729 1735 935 1806 Plutarchum,
960 1744 1048 1818 atquo
1070 1738 1147 1818 apud
1164 1739 1275 1816 Byzan-

132 1851 204 1909 tium
222 1847 402 1928 Stephanum
419 1846 464 1928 [*
483 1866 507 1905 ι.
525 1841 732 1925 Αἰγικόρεος
743 1846 792 1927 *];
816 1850 859 1907 sic
874 1846 1057 1924 intelligitur,
1081 1867 1135 1909 cur
1149 1846 1275 1909 Teleon-

132 1968 193 2019 tum
217 1977 325 2020 nomen
348 1956 466 2038 publice
489 1957 637 2016 transierit
664 1959 693 2016 in
718 1956 904 2018 Geleontum.
950 1956 1023 2039 [„ln
1053 1976 1109 2036 qua
1142 1977 1174 2017 re
1204 1972 1312 2026 noma

131 2069 208 2149 quod
238 2068 307 2129 olim
338 2069 393 2128 leci
429 2066 593 2127 litterarum
624 2067 728 2128 lormls
756 2067 894 2128 aliinibus
929 2068 1082 2129 tribuerim
1115 2067 1275 2147 quidquam

126 2179 290 2262 ,latomenti;
319 2176 391 2239 illud
421 2184 519 2237 tamen
547 2177 612 2237 lieri
634 2178 744 2255 potuit,
773 2196 831 2256 quo
859 2177 974 2257 pridem
1004 2177 1128 2255 digitum
1151 2178 1274 2246 intendi,

132 2298 164 2349 ut
192 2288 270 2367 equod
300 2284 445 2364 agricolas
472 2285 539 2346 illos
567 2284 603 2345 alr
630 2286 714 2346 initio
743 2287 836 2347 luisse
864 2295 1031 2362 constaret,
1062 2287 1151 2348 heros
1182 2286 1275 2347 tribus

135 2391 266 2458 Γελέων
300 2395 448 2456 videretur
481 2394 675 2474 appellandus
708 2414 790 2465 esse,
830 2396 912 2473 quasi
946 2391 1104 2468 Γεαὶλεως
1134 2417 1156 2458 s.
1193 2390 1276 2470 λεώς

130 2501 334 2587 γεωργικός,
364 2512 393 2565 et
415 2503 488 2564 liaeo
511 2502 682 2584 appellatio,
712 2507 845 2584 quamvis
868 2504 957 2585 paulo
980 2505 1116 2567 licentius
1139 2508 1273 2573 formata,

131 2618 349 2679 adscisceretur·
372 2614 408 2676 ad
431 2613 606 2675 abolendam
623 2614 775 2693 vectigalis
790 2613 974 2676 condicionis
993 2617 1177 2677 memoriam.
1207 2618 1272 2678 Mox

131 2728 216 2788 aliam
241 2728 386 2788 rationem
410 2726 475 2785 iniit
491 2723 618 2802 ligonius
633 2744 661 2804 p.
679 2721 721 2786 34
742 2742 906 2805 provocans
921 2725 956 2785 ad
975 2723 1102 2803 glossam
1120 2726 1272 2807 llesyclrii:

130 2828 248 2917 Fa'ypee
272 2835 338 2913 (hoc
360 2842 405 2895 est
427 2829 564 2914 τέγγει),
592 2829 721 2914 βρέχει,
750 2835 797 2914 (ci.
827 2834 868 2895 ibi
896 2835 989 2914 intt.);
1019 2832 1131 2914 γέλεα,
1161 2833 1272 2912 vllem

130 2945 228 3026 τέλμα
251 2964 306 3027 pro
328 2941 429 3025 γέλγη
453 2943 513 3023 (uiri
537 2953 634 3006 [auten
656 2945 789 3006 additur:
813 2946 940 3019 κακῶς·
965 2944 1034 3006 ἔστι
1056 2941 1121 3027 γαρ
1143 2946 1271 3028 γέλγη),

130 3051 284 3137 ἄγεγιιτοι
305 3059 345 3134 (p.
370 3049 555 3133 ἄτεγκτοι),
578 3049 732 3134 ἄβροχοι,
756 3055 912 3137 σκληραί,
940 3052 1051 3135 νέλγει
1079 3057 1118 3137 (p.
1141 3053 1272 3137 τέγγει),

130 3165 293 3247 βαπτίζει,
324 3153 545 3245 χρωματίζει.Ι
574 3164 655 3238 Quae
683 3164 798 3244 glossae
827 3168 881 3227 etsi
910 3165 992 3226 valde
1014 3178 1170 3247 suspectae
1192 3178 1269 3240 sunt,
1384 3154 1388 3162 ’

129 3278 206 3356 qnod
231 3284 288 3337 tam
312 3250 387 3355 apud
412 3273 485 3336 alios
508 3292 595 3355 quam
619 3274 696 3354 apud
712 3275 890 3356 Hesychium
914 3275 1028 3355 glossae
1051 3287 1212 3338 occurrunt
1235 3297 1268 3339 ex

129 3406 210 3448 mera
233 3386 395 3447 litterarum
417 3385 447 3445 T
465 3395 495 3446 et
516 3383 549 3445 Γ
559 3387 777 3464 permutatione
794 3393 892 3453 natae.
918 3398 949 3447 ut
964 3387 1040 3466 apud
1057 3387 1137 3450 laune
1151 3381 1269 3467 ἠνιᾶτο

129 3488 275 3578 (ἠνιᾶτο),
298 3487 468 3574 ἐνεκάλει,
489 3501 519 3555 et
534 3493 675 3574 ἔγλασας
691 3493 862 3575 (ἔπλασας),
886 3488 1065 3577 ὑπέμεινας
1080 3504 1168 3576 atque
1184 3496 1267 3566 aliae,

129 3617 159 3669 et
179 3606 258 3688 quod
281 3605 314 3667 Γ
333 3615 363 3666 et
388 3605 418 3665 T
436 3604 562 3667 alterum
586 3607 615 3664 in
639 3603 764 3675 alterum
794 3609 920 3667 transire
949 3606 1029 3667 nullo
1052 3607 1109 3668 alio
1133 3605 1268 3685 exerrrplo

128 3717 325 3779 demonstrari
341 3724 453 3795 potest:
478 3724 575 3776 tamen
599 3717 766 3794 praelracte
782 3717 882 3794 negari
899 3719 1015 3795 nequit,
1040 3719 1268 3778 vetustissimam

128 3826 257 3906 linguam
281 3826 383 3888 tulisse
406 3826 552 3887 eiusmodi
576 3826 781 3914 variatipnem,
805 3843 880 3904 quae
903 3846 961 3889 non
986 3827 1061 3887 male
1084 3826 1153 3887 inde
1177 3826 1268 3906 expli·

127 3935 220 3998 canda
242 3939 300 3996 visa
325 3945 385 4013 est,
412 3936 490 4017 quod
519 3937 665 4017 primitiva
693 3938 788 3997 lorma
816 3938 905 3998 luerit
932 3933 1047 4016 γτέλος
1070 3937 1107 4016 (μ.
1134 3932 1266 4012 κτέλος),

127 4046 205 4107 unde
227 4044 369 4107 alterutra'
395 4064 523 4108 consona
552 4046 665 4108 abiecta
693 4045 837 4125 prodierit
865 4044 909 4106 vel
936 4042 1033 4124 μέλος
1054 4045 1098 4108 vel
1120 4044 1215 4120 τέλος
1237 4056 1268 4108 ut

127 4176 162 4217 cx
186 4152 307 4236 κμέλας
330 4155 479 4217 derivatur
500 4154 602 4236 μέλας
624 4164 654 4216 et
674 4150 828 4248 κελαινός
851 4175 887 4217 ex
909 4153 1014 4217 κνοέω
1039 4177 1107 4218 vero
1130 4154 1215 4219 νοέω
1238 4169 1267 4218 et

126 4263 242 4328 κοέω.“·
267 4267 297 4327 C.
322 4266 343 4326 l.
366 4285 395 4345 p.
419 4263 529 4349 933³]
574 4267 789 4327 Postremo-ne
812 4267 868 4327 lroc
897 4267 1016 4344 quidem
1046 4267 1264 4347 negligendum,

126 4377 275 4442 Teleontis
298 4375 387 4440 lilium
416 4396 480 4440 esse
503 4378 618 4441 Butam.
664 4376 775 4450 Quodsi
797 4376 969 4440 Teleontem
996 4377 1092 4441 trihus
1115 4386 1264 4444 auctorem
