2866 4912
633 242 732 308 tt-

79 453 196 514 domum
223 459 439 531 temperantem
463 453 664 524 existimabat,
688 456 755 533 qui,
779 470 968 532 quamquam,
992 452 1159 530 postulante
1182 472 1224 524 ra,

79 564 115 625 ael
139 565 388 644 computationem
417 564 589 644 cornpulsus
618 573 710 634 esset,
741 574 838 625 tamen
861 564 978 625 llacclro
1006 580 1273 626 nonsummum

79 674 181 743 beret,
205 675 256 735 sod
280 676 373 753 ipsam
397 677 460 736 eius
483 677 614 736 virrceret
637 657 803 736 violentiam
813 672 843 754 ¹).
879 674 981 752 ltaque
1003 693 1094 754 quum
1117 677 1225 736 utrius·

79 803 137 865 que
165 786 312 865 Symposii
334 785 513 864 ,discrepans
546 784 634 864 plane
664 788 740 845 ratio
769 787 808 845 sit
839 786 977 865 finisque,
1012 784 1126 846 nullum
1159 785 1227 845 binc

78 894 235 955 simultatis
257 897 317 975 peti
340 903 437 974 potest
459 906 680 974 argumentum:
710 895 847 975 quodque
870 895 993 956 allectur
1015 896 1170 964 indicium,
1195 904 1227 956 ut

80 1015 234 1085 appareat,
262 1005 508 1084 Xenophonteum
538 1006 689 1067 Platonico
720 1025 784 1067 esse
813 1006 995 1085 oppositum,
1030 1025 1066 1067 ert
1099 1026 1135 1067 eo
1163 1008 1226 1084 ipso

80 1115 201 1194 colligas
223 1114 374 1177 Platonico
397 1118 477 1194 tangi
499 1116 756 1197 Xerrophonteum.

165 1251 249 1322 Quod
272 1261 423 1330 superest,
452 1261 586 1333 optarem
609 1272 696 1323 saue,
725 1253 890 1315 ut‘certius
917 1254 954 1312 de
976 1253 1131 1330 utrIusque
1153 1261 1227 1312 tem·

80 1380 155 1441 pore
184 1363 330 1442 Symposii
364 1371 527 1423 constaret:
562 1381 630 1424 riam
663 1362 797 1425 habitum
831 1362 950 1440 quidem
980 1361 1228 1441 Xenophonteom

81 1471 127 1531 Ol.
144 1471 299 1541 LXXXIX,
323 1470 345 1533 4
367 1473 508 1533 archonte
532 1475 677 1536 Aristione
693 1476 753 1534 sive
769 1476 905 1535 Aristone
930 1470 1035 1553 [immo
1056 1491 1134 1532 anno
1149 1461 1227 1542 ante,

82 1583 136 1641 clr.
159 1601 235 1662 quae
263 1601 354 1662 supra
383 1603 412 1663 p.
437 1581 477 1645 15
497 1609 539 1636 =
564 1583 602 1645 13
625 1582 814 1665 adiecimus],
843 1583 1028 1644 Platonicum
1052 1583 1097 1643 ut.
1121 1581 1184 1651 XC,
1207 1579 1229 1641 4

82 1691 224 1780 archonte
254 1693 407 1772 Euphemo
436 1691 601 1773 tingitur²lz
636 1695 742 1755 eodem
777 1712 847 1755 vero
880 1694 985 1755 ordine
1015 1696 1123 1772 scripta
1153 1710 1227 1762 esse,

82 1821 259 1881 quamquam
283 1822 342 1864 nou
364 1803 470 1884 liquet,
496 1813 594 1866 tamen
616 1803 688 1865 milri
710 1805 825 1864 videtur
847 1799 1011 1883 probabile.
1048 1801 1228 1882 Xenophon-

82 1923 163 1973 teum
192 1915 270 1973 euim
294 1914 481 1993 symposium
509 1933 579 1994 pars
607 1924 651 1976 est
678 1917 778 1996 operis
800 1915 915 1976 Socrati
943 1914 1129 1975 defendendo
1153 1915 1229 1974 eius-

82 2042 141 2103 que
165 2025 300 2084 unirerso
323 2025 398 2086 ritae
420 2027 523 2103 generi
552 2025 745 2104 moribusque
768 2025 979 2087 adumbraudis
1006 2027 1122 2105 scripti,
1151 2023 1229 2103 quod

82 2152 99 2194 a
126 2133 367 2195 Memorabilibus
397 2136 543 2215 incipieus
570 2135 800 2197 oeconomicum
835 2154 902 2196 cum
933 2135 1071 2196 Convivia
1099 2133 1230 2212 comple-

84 2243 234 2304 ctebatur:
258 2243 287 2303 id
304 2244 546 2324 Xenophontem,
571 2248 621 2324 qui
645 2254 714 2325 post
735 2245 864 2306 reditum
887 2263 924 2304 ex
946 2246 1012 2304 hsia
1029 2244 1075 2304 ut.
1092 2243 1231 2324 XCVb}

84 2352 269 2413 accidentem
291 2355 321 2413 in
345 2356 406 2413 otio
429 2353 550 2431 agebat,
574 2354 683 2414 diutius
705 2354 853 2414 distulisse
877 2372 936 2414 non
959 2352 1115 2421 credibile,
1139 2369 1230 2430 quum

85 2462 224 2522 Socrates
245 2463 304 2523 iam
327 2461 371 2524 Ol.
389 2462 506 2533 XCV,l
531 2461 667 2523 obiisset:
691 2481 786 2542 neque
809 2462 887 2523 ullus
909 2464 938 2522 in
961 2470 1023 2522 toto
1039 2481 1128 2542 opere
1151 2471 1231 2521 extat

84 2570 183 2646 locus,
207 2575 257 2650 qui
278 2575 429 2634 recentius
451 2581 554 2652 arguat
577 2581 709 2652 tempus:
738 2571 923 2634 Platonicum
952 2591 1020 2633 vero
1043 2573 1230 2653 symposium

85 2769 313 2777 -----——-.—-.

154 2914 178 2978 1)
198 2913 229 2964 V.
240 2915 334 2980 Legg.
352 2913 380 2977 1,
403 2914 453 2966 638
471 2914 496 2964 D
519 2928 606 2980 usque
631 2913 665 2964 ad
688 2912 783 2977 finem,
806 2912 855 2963 ubi
877 2911 946 2964 illud
969 2927 1076 2978 quoque
1100 2911 1230 2977 postulat,

83 2992 152 3056 τοὺς
175 2989 323 3063 νήφοντας
345 3002 580 3065 συμποσιαρχεῖν.
617 2999 661 3053 Cf.
680 2999 794 3049 Aristot.
812 2996 894 3048 Polit.
913 2997 955 3061 11,
975 3001 1015 3048 10.
1049 2996 1110 3047 Ηοο
1129 2997 1232 3048 oblitus

86 3088 130 3132 est
148 3082 195 3131 ille
214 3083 315 3133 nebulo
334 3082 491 3146 Cretensis,
515 3084 562 3147 qui
581 3084 609 3131 iu
629 3084 767 3134 conviviis
784 3082 928 3147 iuvenum,
952 3081 1118 3146 simulatque
1136 3082 1232 3132 modus

86 3165 175 3231 epulis
193 3167 297 3229 lactus,
318 3171 346 3216 et
363 3166 449 3217 utiles
467 3165 707 3233 delectabilesque
725 3183 864 3218 sermones
882 3171 1047 3232 coeperant,
1071 3170 1127 3216 tum
1146 3166 1231 3217 silen-

85 3254 126 3301 tio
145 3251 179 3300 ad
197 3251 363 3301 audiendum
375 3253 465 3317 petito
477 3251 641 3301 hortabatur
659 3268 753 3302 omnes
771 3252 806 3302 ad
819 3251 979 3314 bibendum,
998 3251 1080 3315 idque
1093 3266 1123 3300 se
1137 3251 1232 3302 lacere

86 3353 119 3386 ex
138 3336 248 3386 decreto
267 3336 411 3386 Platonico
430 3337 626 3401 praedicabat,
651 3341 789 3401 tamquam
807 3337 889 3387 Plato
908 3336 1005 3387 laudes
1025 3335 1170 3385 ebrietatis
1188 3352 1231 3386 co·

85 3423 240 3485 piceissime
258 3420 433 3486 scripsisset,
452 3420 601 3484 utilemque
622 3437 682 3470 eam
702 3422 781 3471 bonis
800 3437 833 3471 ac
852 3422 970 3472 fortibus
988 3421 1056 3471 viris
1070 3422 1233 3471 censuisset.

86 3506 188 3555 Cetera
210 3504 272 3556 vido
295 3507 368 3571 apud
391 3503 511 3555 Gellium
534 3506 626 3564 ΧΗ
649 3505 720 3555 uude
742 3506 848 3556 hebent
870 3505 991 3556 Macrob.
1016 3505 1074 3556 Sat.
1098 3506 1140 3567 11,
1165 3508 1181 3556 8
1204 3511 1233 3554 et

86 3590 206 3640 Ioannes
224 3590 438 3641 Sarisberiensis
456 3589 586 3640 Polierat
606 3590 687 3652 VIII,
711 3594 751 3642 10.
788 3590 881 3641 Simile
904 3591 1039 3655 flagitium
1061 3595 1158 3639 narrat
1179 3591 1234 3639 Lu·

87 3676 185 3725 cianus
202 3675 421 3740 Fugiunt-18.
441 3668 514 3725 ἔνιοι
533 3669 566 3727 dle
586 3671 635 3726 aul
653 3671 743 3739 ξένων
760 3675 818 3727 τῶν
835 3669 981 3740 σφετέρων
998 3678 1140 3741 γυναῖκας
1157 3664 1232 3723 ἀποί-

86 3773 168 3825 γουσι
185 3751 388 3826 μοιχεύσοντες
405 3750 479 3810 eard
499 3751 548 3810 σόν
563 3749 649 3811 Ἰὶιὲα
667 3751 780 3811 ἐκεῖνον
798 3759 965 3821 νεανίσκου,
988 3750 1025 3818 ὣς
1044 3760 1234 3824 φιλοσοφοῖεν

86 3839 123 3910 δὴ
147 3840 198 3895 καί
222 3835 317 3895 αὗταί.
360 3838 433 3896 Εἶτα
456 3835 556 3903 κοινᾶς
578 3835 686 3904 ταυτας
709 3834 799 3895 ἅπασι
822 3847 885 3903 τοῖς
904 3841 1021 3894 συνοῦσι
1043 3836 1231 3906 προθέμενοι,

88 3921 243 3988 Πλάτωνός
261 3946 287 3980 τι
307 3922 400 3994 δόγμα
419 3926 531 3980 οίονιαι
549 3933 660 3994 ποιεῖν,
684 3919 737 3980 oda
760 3922 872 3987 εἰδότες
890 3916 967 3985 ὅπως
989 3917 1004 3978 ὁ
1028 3918 1103 3990 ἱερὸς
1121 3917 1233 3986 ἐκεῖνος

86 4005 172 4078 ἠξίου
195 4006 296 4073 κοινὰς
318 4006 457 4080 ἡγεῖσθαι
481 4008 532 4073 τας
553 4018 707 4078 γυναῖκας·
731 4001 751 4063 ἃ
773 4007 826 4078 μὲν
849 4006 903 4077 γὰρ
925 4004 956 4062 ἐν
978 4013 1040 4068 τοῖς
1065 4008 1234 4076 συμποσίοις

87 4095 174 4160 δρῶσι
198 4093 247 4149 καί
270 4085 289 4147 ἃ
312 4091 523 4165 μεθύσκονται,
551 4089 663 4162 μακοὸν
691 4084 728 4146 ἂν
751 4094 796 4162 εἴη
822 4093 925 4161 λέγειν.
964 4095 1082 4160 Epictet,
1105 4095 1232 4150 Sentent.

86 4182 162 4233 LIII.
196 4172 348 4252 ἘνῬῶμμ
366 4177 552 4247 asperaliter
573 4174 645 4248 μετὰ
668 4185 766 4247 χεῖρας
788 4174 885 4245 ἔχουσι
909 4173 962 4246 τὴν
980 4171 1135 4239 Πλάτωνος
1152 4183 1233 4232 πολι·

85 4266 184 4333 τείαν,
208 4257 256 4320 ὅτε
278 4262 379 4327 κοινὰς
397 4257 478 4330 ἀξιοῖ
499 4256 645 4325 elestede
668 4270 819 4332 γυναῖκας.
855 4269 918 4325 τοῖς
934 4257 989 4331 γὰρ
1008 4257 1114 4332 ῥήμασι
1131 4261 1233 4330 ποσσί·

86 4367 168 4419 χουσι
186 4346 236 4404 σὸν
255 4351 338 4416 νοῦν,
358 4343 392 4403 ον’
411 4350 444 4418 τῇ
462 4350 590 4416 διανοίᾳ.

154 4437 181 4501 2)
200 4437 300 4490 Athen.
318 4437 337 4492 l.
355 4436 373 4489 l.

139 4527 247 4568 lioeeltlr's
261 4508 378 4568 Sehrilteh.
395 4526 431 4569 lv.
1013 4542 1029 4590 2
