2866 4912
747 211 790 274 24

194 419 362 504 prodere¹).
407 421 509 498 ltaque
537 427 605 480 ante
628 418 672 481 Ol.
696 419 810 480 XCVlll
839 438 899 481 non
927 428 1026 500 posset
1053 420 1162 500 scripta
1192 437 1258 480 csse
1291 419 1356 480 Res

195 533 326 614 publica,
351 533 407 593 nisi
430 549 494 592 eam
518 530 705 591 emendatam
728 532 847 610 saepius
869 538 971 608 putee,
1002 530 1080 607 quod
1104 529 1238 591 nonnulli
1261 529 1353 591 colli·

195 651 269 723 guut
297 662 333 704 ex
361 652 494 703 veterum
518 642 710 710 testimoniis,
741 642 872 702 Panaetii
902 648 931 702 et
952 637 1202 720 Euplroriouisb,
1232 640 1287 701 sed
1314 643 1354 702 iis

195 773 299 836 parum
323 753 451 815 disertis.
497 751 572 823 Quid
595 771 665 813 vero
689 751 767 829 quod
790 752 889 813 divino
912 750 968 812 boc
991 770 1081 830 opero
1111 769 1226 812 summa
1249 754 1353 812 couti·

100 837 105 848 ⁵
196 874 284 928 netur
306 883 410 927 eorum
435 864 566 923 omnium
590 861 783 942 placitorum,
808 881 882 940 quae
906 864 936 922 in
960 862 1068 922 ceteris
1090 858 1173 921 libris
1196 860 1354 942 disputata

196 987 280 1046 sunt,
310 973 433 1053 singulis
462 973 613 1035 doctrinae
640 991 695 1051 per
723 975 837 1033 minora
865 975 973 1053 scripta
1001 990 1120 1050 sparsae
1148 974 1233 1052 quasi
1255 972 1353 1033 radiis

197 1088 253 1149 boc
276 1086 353 1146 libro
375 1086 405 1145 iu
429 1101 522 1146 unum
538 1081 689 1144 collectis?
711 1083 749 1144 Ut
771 1082 858 1145 lacile
881 1083 1041 1145 concedam
1058 1082 1352 1152 Schleiermacbero,

197 1198 270 1258 Rem
298 1195 445 1275 publicam
475 1195 506 1253 in
534 1194 745 1254 recentissimis
773 1193 903 1256 Platonis
936 1193 1058 1255 habenti
1093 1191 1230 1270 dialogis:
1267 1193 1353 1272 quod

199 1311 277 1368 enim
305 1306 342 1367 de
370 1303 490 1365 iuvenili
518 1305 618 1383 operis
649 1303 749 1367 colore
776 1305 898 1374 dicitur,
929 1303 1002 1364 nibil
1032 1313 1086 1364 est.
1134 1303 1353 1383 Cyropaediam

198 1436 268 1478 vero
291 1417 398 1477 editam
421 1422 488 1494 post
510 1413 555 1475 ot.
578 1411 684 1490 ClV,3
707 1433 742 1476 ex
766 1414 882 1495 epilogo
903 1414 1014 1493 colligit
1035 1414 1251 1483 Schneiderus,
1275 1431 1353 1492 qua·

198 1535 323 1609 propter
353 1524 440 1587 Gellii
474 1527 649 1586 auctoritate
681 1525 774 1587 lretus
807 1536 874 1587 octo
907 1527 1090 1606 posteriores
1122 1525 1176 1584 Rei
1208 1524 1354 1604 publicae

200 1638 292 1700 libros
315 1636 460 1717 posthoc
483 1643 599 1715 tempus
621 1637 726 1697 statuit
747 1634 883 1716 editos³).
920 1635 978 1697 Sed
1001 1637 1129 1715 primum
1153 1633 1196 1695 illi
1218 1634 1352 1715 epilogo,

200 1767 288 1827 quem
316 1748 449 1827 spurium
479 1763 544 1807 esse
579 1744 657 1805 baud
687 1755 731 1807 est
758 1747 895 1817 dubium,
930 1749 1009 1826 quis,
1044 1764 1166 1826 quaeso,
1203 1745 1354 1808 confidet?

201 1858 314 1921 Deinde
337 1875 429 1935 quum
453 1855 565 1944 Gellius
587 1835 702 1925 narrat,
726 1856 876 1936 prioribus
899 1857 1014 1918 duobus
1029 1857 1083 1918 Rei
1105 1854 1241 1936 publicae
1265 1855 1381 1949 libris⁸

200 1969 340 2049 perlectis
373 1966 601 2048 Xenophontem
635 1966 816 2047 Cyropaedia
848 1967 1030 2047 respondere
1062 1965 1176 2028 Platoni
1212 1965 1354 2038 voluisse,

201 2097 260 2140 uon
289 2078 362 2139 dicit
390 2077 601 2157 Cyropaediam
634 2078 796 2155 perlectam
830 2078 997 2157 editamque
1030 2095 1096 2138 esse
1129 2085 1198 2138 ante
1231 2085 1355 2140 ceteros

201 2188 346 2250 Platonici
374 2189 474 2267 operis
501 2186 607 2248 libros:
641 2195 758 2267 poterat
786 2189 865 2249 enim
894 2188 976 2250 Plato
1009 2187 1143 2268 reliquos
1170 2195 1238 2248 octo
1267 2188 1357 2250 brevi

154 2311 187 2359 27
203 2308 338 2380 tempore
359 2307 427 2380 post
450 2300 600 2368 emittere,
630 2315 721 2376 quum
745 2295 909 2379 Xenophon
937 2317 1024 2361 suum
1046 2317 1121 2378 opus
1143 2299 1190 2359 rix
1212 2298 1355 2361 inchoas·

201 2420 261 2480 set,
292 2409 400 2472 nedum
429 2406 611 2470 absolvisset.
663 2408 721 2469 Sed
750 2416 782 2470 ut
810 2411 961 2471 mittamus
990 2416 1139 2488 tempora,
1174 2427 1210 2469 ex
1242 2409 1357 2487 quibus

202 2540 273 2583 saue
297 2520 370 2581 nihil
392 2520 537 2600 proficere
560 2518 630 2580 licet
651 2521 680 2579 in
703 2537 793 2580 causa
816 2519 886 2579 bac:
916 2520 983 2597 quis
1011 2518 1113 2579 credet
1135 2520 1252 2599 priores
1275 2520 1357 2583 duos

202 2631 372 2693 Platonicae
393 2630 448 2690 Rei
470 2628 607 2709 publicae
630 2628 724 2689 libros
746 2632 905 2710 separatim
934 2648 993 2690 non
1017 2628 1105 2689 modo
1128 2648 1195 2690 cum
1218 2647 1279 2690 uno
1302 2639 1357 2693 aut

204 2740 297 2802 altero
321 2743 482 2801 amicorum
498 2737 620 2800 htbenis
643 2739 814 2817 degentium
839 2759 903 2801 esse
918 2740 1164 2810 communicatos,
1188 2739 1268 2818 quod
1291 2760 1356 2804 nou

204 2869 281 2930 nego
304 2851 434 2929 potuisse
457 2849 566 2910 lactum
590 2867 665 2918 esse,
690 2850 741 2910 sed
765 2852 794 2910 iu
811 2853 941 2910 omnium
965 2868 1050 2911 usum
1067 2849 1170 2921 editos,
1195 2851 1246 2911 sed
1271 2859 1356 2914 tran-

204 2963 332 3040 scriptos
355 2977 371 3020 a
394 2958 536 3029 librariis,
561 2958 612 3020 sed
629 2958 804 3021 Scilluntem
828 2963 952 3022 missos?
975 2960 1056 3032 uuis,
1081 2959 1215 3030 obsecro,
1239 2960 1356 3032 credet,

205 3072 344 3132 adversus
377 3089 428 3131 eos
460 3067 566 3137 libros,
601 3071 632 3130 io
665 3068 774 3150 quibus
804 3071 841 3131 de
868 3070 1069 3150 gubernandis
1099 3069 1280 3142 civitatibus,
1316 3073 1357 3135 de

205 3183 301 3258 regia,
331 3199 407 3260 quae
436 3178 522 3241 Gellii
550 3186 620 3241 sunt
647 3179 751 3250 verba,
781 3179 1052 3250 administratione,
1088 3182 1125 3243 de
1158 3180 1290 3262 perlecta
1320 3203 1358 3245 re

205 3291 322 3372 publica
345 3299 395 3352 aut
416 3290 488 3351 nibil
510 3297 560 3351 aut
582 3292 755 3370 paucissima
780 3290 877 3353 obiter
899 3292 1046 3371 disputata
1069 3300 1148 3360 sunt,
1172 3291 1357 3371 Xenophon·

206 3411 265 3463 tem
294 3402 447 3481 scripsisse
476 3399 732 3482 Cyropaediamb,
765 3401 800 3463 ad
828 3403 899 3464 iusti
931 3403 1057 3480 elligiem
1085 3404 1219 3481 imperii,
1253 3410 1286 3463 ut
1314 3406 1359 3465 ait

207 3507 354 3590 cicer-0⁵),
379 3513 591 3591 compositam?
624 3512 772 3590 Numquid
796 3531 811 3572 a
835 3513 977 3593 sophistis
999 3515 1259 3590 grammaticisque
1281 3514 1359 3595 frugi

276 3741 301 3806 1)
321 3744 390 3807 Rep.
408 3741 447 3792 IX
466 3756 491 3805 p.
511 3742 560 3791 ott
578 3739 609 3790 Δ.
629 3742 661 3792 Β.

273 3827 300 3890 2)
319 3829 351 3876 V.
370 3827 450 3890 Diog.
471 3825 504 3876 L.
524 3825 580 3889 ΠΙ,
599 3827 641 3877 37.
664 3826 780 3889 Dionys.
798 3827 890 3877 Halic.
910 3827 943 3876 dc
962 3842 1050 3891 comp.
1070 3826 1144 3879 verb.
1165 3841 1187 3875 c.
1206 3826 1248 3875 25.
1268 3825 1358 3888 Quin-

205 3913 246 3962 til.
266 3910 394 3975 v111,e,
413 3912 455 3964 et.
492 3909 550 3961 Cic.
575 3907 636 3960 Cat.
659 3911 723 3961 mai.
743 3912 767 3961 ὁ.
803 3912 841 3961 Hi
864 3927 929 3962 vero
953 3912 1007 3962 loci
1031 3926 1085 3961 non
1110 3910 1257 3974 evincunt,
1281 3911 1359 3974 quod

207 3997 320 4047 debent:
340 4010 421 4062 quam
439 3998 467 4046 in
486 4012 542 4047 rem
560 4010 634 4046 nune
650 4011 705 4046 uon
723 4001 807 4046 vacat
825 3996 975 4062 disputare.
1010 3996 1068 4046 Nec
1089 3999 1212 4060 possunt,
1231 4008 1303 4058 quaa
1323 3995 1358 4046 de

207 4078 354 4146 tyrannide
367 4080 449 4132 Plato
467 4081 605 4147 disputat,
625 4081 762 4148 repetitae
781 4081 888 4132 demum
905 4081 1022 4131 editioni
1041 4080 1202 4142 accessisse,
1222 4067 1295 4143 quod
1313 4080 1360 4130 in·

208 4165 330 4232 telligat,
350 4169 397 4231 qui
414 4171 501 4217 tntum
518 4182 587 4233 opus
606 4167 777 4217 examinabit
795 4167 965 4218 accuratius.

276 4250 303 4316 3)
322 4253 354 4302 V.
375 4251 409 4301 ad
428 4251 527 4317 Cyrop.
546 4251 606 4300 init.
625 4251 706 4302 etad
725 4250 804 4313 VIII,
824 4253 854 4314 8,
873 4253 897 4300 t.

276 4335 302 4399 4)
321 4335 437 4387 Notavit
454 4336 506 4386 hoc
523 4337 579 4386 iam
597 4337 726 4387 Taunem.
745 4350 771 4399 p.
790 4337 832 4385 24.

282 4421 308 4484 5)
328 4416 376 4486 [ad
395 4420 528 4484 Quintum
547 4419 660 4470 fratrem
679 4420 706 4503 1,
726 4422 755 4483 l,
774 4421 803 4485 8,
821 4417 874 4488 23.]
