2866 4912
214 694 455 770 Prooemium
482 696 668 770 semestris
695 696 829 771 aestivi
856 723 888 771 a.
916 693 1203 771 MDCCCXIII.

138 847 212 948 (De
230 848 428 925 Ciceronis
446 849 640 943 sententia,
661 860 849 923 oratorem
865 849 1075 948 perfectum
1091 849 1281 923 neminem

376 1002 487 1076 posse
513 1002 593 1052 esse
619 976 692 1051 nisi
718 978 843 1051 virum
868 975 1040 1069 bonum.)

223 1180 376 1243 Ciceronis
392 1183 538 1243 sententia
549 1179 568 1257 1)
594 1189 638 1242 cst
654 1199 746 1262 aeque
762 1188 832 1242 nota
847 1180 984 1242 omnibus
1006 1198 1040 1241 ac
1063 1184 1174 1259 gravis,
1199 1200 1279 1243 com·
1301 1189 1317 1237 a

136 1290 302 1361 militenus,
322 1298 544 1370 quadratorum
562 1294 727 1371 perlectum
743 1310 808 1353 esse
824 1293 974 1353 neminem
991 1310 1077 1370 posse
1093 1294 1281 1370 pronunciat,

136 1404 194 1465 nisi
216 1403 311 1464 virum
337 1402 462 1472 bonum,
487 1404 537 1482 qui
559 1405 669 1465 iustum
693 1421 877 1483 aequumque
901 1421 934 1463 ac
955 1403 1091 1463 virtutem
1115 1403 1282 1464 universam

136 1531 196 1575 non
224 1512 313 1575 modo
342 1513 466 1594 probet,
502 1513 555 1574 sed
585 1522 730 1574 exerceat.
781 1513 898 1574 Etenim
927 1511 1017 1573 bomo
1048 1512 1216 1591 improbus,
1252 1518 1284 1572 ut

136 1641 238 1686 rerum
262 1630 292 1685 et
313 1624 471 1686 verborum
496 1626 579 1703 copia
603 1623 773 1685 beatissima
796 1623 910 1692 allluat;
941 1630 973 1684 ut
995 1622 1173 1702 prudenter,
1202 1641 1282 1683 com·

137 1736 234 1815 posite
257 1741 421 1814 ornateque
443 1733 536 1803 dicat;
561 1740 593 1795 ut
614 1736 747 1813 ingenio,
771 1733 888 1815 lepore,
913 1753 999 1804 voce,
1023 1732 1206 1794 volubilitate
1228 1733 1284 1794 lin-

136 1861 229 1922 guae,
260 1845 377 1905 actione
400 1846 562 1906 instructus
584 1847 636 1914 sit;
666 1845 792 1924 denique
815 1854 846 1907 ut
869 1844 906 1907 ab
930 1844 1056 1921 artibus,
1084 1843 1194 1922 quibus
1215 1863 1283 1923 per·

138 1953 283 2016 suadetur
298 1954 423 2035 populo,
444 1964 564 2035 paratus
579 1957 617 2016 sit
632 1954 782 2017 omnibus:
805 1965 904 2016 tamen
920 1954 976 2015 boc
992 1962 1051 2016 tarn
1067 1955 1148 2032 gravi
1164 1956 1284 2015 nomine

139 2063 246 2145 dignus
268 2065 483 2127 existimandus
506 2084 564 2127 non
588 2073 647 2136 est,
671 2073 830 2146 propterea
853 2064 931 2144 quod
953 2067 983 2124 in
1007 2084 1121 2127 summa
1144 2065 1284 2126 facultate

138 2172 258 2236 dicendi
280 2174 317 2237 de
340 2176 412 2247 line,
442 2196 501 2256 quo
530 2195 580 2238 ars
602 2195 654 2237 sua
677 2186 706 2237 ct
729 2175 853 2237 consilia
876 2175 1030 2253 dirigenda
1059 2177 1130 2245 sint,
1161 2193 1283 2236 necesse

142 2292 187 2347 est
208 2303 298 2367 prave
321 2287 449 2364 sentire,
471 2304 680 2367 quemcunque
703 2285 839 2356 ambitio,
863 2284 967 2355 libido,
994 2286 1114 2345 avaritia
1136 2293 1284 2346 transver-

42 2386 46 2393 ’
139 2414 208 2458 sum
231 2404 333 2476 agant,
357 2407 446 2475 atque
469 2416 484 2458 a
508 2399 568 2458 veri
586 2398 719 2474 rectique
742 2398 785 2456 via
809 2395 961 2457 seducant.
996 2394 1072 2456 Num
1095 2404 1283 2456 verberator

140 2503 237 2568 bonus
259 2507 424 2569 censendus
448 2516 507 2577 est,
532 2510 578 2568 cui
602 2507 638 2568 de
661 2525 776 2569 summo
799 2507 856 2567 line
879 2507 951 2566 artis
967 2505 1107 2566 iudicium
1131 2525 1190 2567 non
1213 2522 1284 2566 con·

139 2617 214 2678 steti
258 2616 322 2679 Non
346 2619 467 2697 opinor:
499 2619 555 2679 nisi
583 2618 659 2679 torte
682 2617 812 2679 Platonis
839 2618 869 2677 in
893 2616 1000 2695 Gorgia
1027 2616 1162 2695 exemplo
1186 2625 1283 2678 orato·

141 2728 215 2789 riam
239 2744 306 2788 cum
330 2730 418 2807 coqui
441 2735 470 2788 et
485 2731 640 2807 mangonis
663 2728 780 2808 opificio
797 2726 996 2808 comparabis,
1021 2729 1087 2806 qui,
1111 2729 1188 2807 quod
1213 2727 1282 2790 utile

138 2836 309 2915 bonumque
332 2839 384 2908 sit,
415 2837 488 2898 nibil
511 2857 693 2918 magnopere
722 2847 874 2909 curantes,
903 2840 989 2899 unice
1017 2837 1046 2897 id
1069 2846 1219 2917 spectant,
1252 2848 1283 2899 ut

138 2946 371 3009 homuncionum
401 2947 617 3010 letissimorum
647 2950 742 3029 palata
771 2959 799 3010 et
827 2948 928 3010 oculos
956 2947 1136 3010 ferculorum
1170 2949 1284 3010 deliciis

138 3074 172 3119 ac
194 3057 273 3120 cultu
297 3060 396 3120 lucato
420 3058 601 3139 deliniant2).
647 3060 731 3132 Quod
755 3079 814 3121 nou
837 3061 924 3129 artis,
948 3059 998 3120 sed
1023 3053 1194 3140 ἐμπειρίας
1216 3060 1282 3120 loco
1355 3071 1359 3080 ·

138 3166 306 3229 babendum
328 3189 407 3245 esse,
431 3169 630 3231 divinissimus
653 3169 702 3230 ille
717 3172 883 3248 sapientum
900 3169 1009 3230 ibidem
1018 3166 1039 3247 ³)
1063 3169 1151 3231 docet
1166 3171 1280 3231 eximie.

221 3282 258 3341 tt
279 3278 392 3341 sublata
416 3298 451 3340 ex
468 3299 523 3343 usu
539 3280 722 3359 reipublicae
738 3288 801 3341 arte
817 3279 1014 3349 nobilissima,
1039 3298 1146 3358 magno
1163 3280 1282 3357 quidem

137 3390 263 3450 civitatis
279 3389 470 3461 detrimento,
495 3390 623 3471 solisque
639 3391 702 3452 lere
716 3391 870 3468 religionis
885 3391 1056 3452 doctoribus
1076 3389 1188 3461 relicta,
1212 3391 1281 3469 quid

138 3508 196 3570 est,
225 3499 303 3579 quod
327 3500 477 3561 vobiscum
501 3501 556 3561 bac
579 3500 615 3560 de
638 3520 671 3561 re
695 3501 890 3571 disseramus,
924 3503 973 3580 qui
1001 3518 1137 3578 magnam
1167 3507 1281 3578 partem

138 3608 209 3698 nibil
239 3611 335 3670 minus
364 3613 464 3688 agitis,
495 3629 581 3688 quarn
610 3630 669 3691 quo
697 3621 783 3691 pacto
812 3621 946 3673 oratores
974 3612 1099 3690 perlecti
1133 3609 1281 3670 evadatis?

138 3718 284 3781 Nimirum
313 3720 392 3800 quod
422 3720 459 3780 ab
487 3729 606 3782 oratore
629 3724 734 3784 Cicero
757 3721 898 3801 postulat,
928 3729 959 3782 ut
989 3719 1101 3800 probus
1123 3721 1173 3789 sit,
1203 3720 1280 3779 idern

207 3974 232 4036 1)
253 3970 326 4040 [Hac
343 3978 485 4028 sententia
503 3994 520 4027 s
537 3977 573 4030 M.
593 3977 692 4027 Porcio
711 3976 817 4026 Catone
841 3975 969 4040 proiecta
993 3972 1040 4034 (el.
1065 3972 1221 4037 fragmento
1245 3973 1280 4022 ab

137 4056 256 4109 lordono
274 4060 350 4110 edita
368 4077 394 4126 p.
413 4063 455 4124 80)
475 4060 573 4110 Cicero
596 4076 661 4111 usus
684 4066 726 4109 est
747 4060 780 4109 do
799 4061 854 4109 inv.
872 4060 899 4116 1,
918 4061 948 4120 2,
967 4059 991 4106 2.
1010 4060 1035 4108 3.
1055 4056 1088 4106 do
1112 4063 1223 4107 oratore
1242 4056 1279 4120 11,

136 4143 182 4205 ιθ,
201 4143 234 4195 Bb
253 4159 328 4210 seqq.
349 4145 382 4196 de
401 4152 457 4211 opt.
475 4162 536 4211 gan.
556 4161 594 4199 or.
612 4147 637 4207 7,
655 4145 697 4192 20.
722 4143 758 4192 ei.
778 4140 943 4205 Quintilian.
968 4143 1032 4192 inst.
1052 4156 1091 4193 or.
1109 4142 1136 4204 1,
1160 4157 1278 4208 prooem.

136 4227 152 4288 ᾗ
169 4230 185 4278 9
204 4242 282 4294 seqq.
301 4229 342 4291 ll,
363 4233 406 4292 16,
426 4231 534 4293 1.xl1‚
555 4233 583 4293 1,
603 4232 616 4278 ι
637 4224 724 4293 seqq]

204 4310 506 4380 bmfflssml

204 4393 422 4466 mmmm

190 4514 297 4556 lloekeh's
311 4514 428 4555 Schriften.
450 4513 487 4554 tv.
