2866 4912
716 205 761 267 60

164 417 262 495 potius
284 415 481 492 assequamini
503 416 567 473 acie
590 414 712 482 mentis,
736 430 825 489 quam
849 412 932 473 robis
955 416 1039 491 quasi
1062 415 1091 472 iu
1108 431 1212 473 manus
1236 413 1316 473 tradi

165 546 180 585 a
204 526 343 603 uragistro
366 525 528 604 patiamini.
559 522 669 592 Quodsi
693 532 831 584 auctores
854 523 935 583 solos
958 522 1114 591 curabitis,
1138 542 1237 602 neque
1260 523 1313 583 ad-

166 634 257 696 bibita
287 635 477 696 meditatione
505 642 626 695 strenua
650 634 767 694 discetis
795 632 882 694 altius
904 640 1062 712 penetrare
1085 632 1210 703 litteras,
1239 635 1311 714 qnid

164 746 277 805 iacietis
300 754 376 814 turn,
406 744 456 805 ubi
485 744 693 805 dissentientes
714 745 793 803 inter
814 762 863 812 se,
892 742 969 820 qnod
998 745 1062 804 fieri
1091 745 1201 823 passim
1223 743 1311 810 solet,

126 871 141 915 o
165 865 277 918 vestros
293 856 464 916 inveneritis
479 855 636 916 auctores?
657 852 727 933 ‘quid
751 860 871 915 nostrae
889 854 920 913 iu
936 852 1086 924 docendo,
1110 853 1181 931 quid
1198 863 1315 915 vestrae

163 969 194 1025 iu
218 965 364 1027 audiendo
393 964 555 1025 industriae
583 962 736 1024 debebunt
763 970 841 1024 artes
865 971 894 1024 et
921 963 1087 1034 doctrinae,
1120 967 1178 1025 nisi
1205 983 1314 1044 sapere

164 1078 219 1156 ipsi
243 1084 271 1136 et
294 1094 368 1135 nora
390 1077 523 1135 invenire
543 1072 702 1151 aliquando
717 1072 872 1153 disciplina
896 1081 995 1134 nostra
1013 1073 1196 1134 didiceritis?
1220 1074 1313 1135 Nuur-

166 1204 254 1263 quam
277 1185 410 1266 prolecto
432 1185 537 1246 Graeci
559 1184 640 1244 orbis
661 1193 809 1245 terrarum
833 1186 999 1245 extitissent
1026 1192 1253 1263 praeceptores,
1277 1187 1312 1259 si,

165 1295 306 1375 quidquid
323 1287 469 1355 ¹traditum
493 1313 509 1355 a
532 1294 693 1355 maioribus
716 1303 808 1370 esset,
838 1302 990 1375 putassent
1017 1294 1223 1362 retinendum
1256 1297 1313 1355 nisi

165 1414 263 1485 sprota
286 1407 420 1485 priorum
443 1412 610 1484 temporum
634 1407 809 1466 auctoritate
831 1423 936 1483 saporo
958 1406 1014 1485 ipsi
1037 1403 1227 1465 maluissent:
1251 1424 1312 1484 quo

166 1517 294 1593 pertinet
322 1517 409 1576 etiam
444 1515 517 1589 boc,
553 1514 631 1593 quod
660 1516 789 1594 priscum
819 1513 890 1575 illud
919 1515 1101 1585 institutum,
1137 1534 1196 1595 quo
1224 1533 1313 1576 suum

166 1627 325 1702 unicuique
349 1643 441 1703 genus
465 1627 538 1685 ritae
561 1626 744 1705 descriptum
768 1635 845 1694 crat,
869 1635 938 1686 sunt
960 1625 1106 1704 abrogare
1129 1629 1202 1686 ausi.
1238 1626 1313 1698 Quis

166 1737 245 1796 enirn
273 1735 433 1796 arbitretur
461 1754 580 1797 errores
607 1735 691 1814 pelli,
720 1735 814 1796 studia
845 1733 882 1795 ali
912 1754 1002 1816 posse
1030 1744 1060 1796 et
1087 1735 1229 1813 gliscere,
1262 1735 1313 1796 ubi

165 1847 258 1937 certis
275 1843 414 1924 gentibus
436 1852 465 1905 ct
486 1844 605 1906 familiis
627 1865 697 1906 cura
721 1847 817 1907 omnis
840 1846 945 1907 tradita
973 1847 1011 1906 sit
1040 1845 1232 1907 colendarum
1262 1865 1312 1906 ar·

166 1957 252 2023 tium,
283 1964 314 2016 ut
337 1955 414 2035 apud
437 1956 566 2017 Orientis
589 1951 723 2017 nationes
745 1959 854 2017 lactum
879 1955 1026 2016 ridemus?
1059 1955 1110 2015 ubi
1131 1955 1167 2016 ad
1191 1954 1310 2016 laudem

164 2067 328 2145 sapientiae
351 2085 385 2126 ac
407 2066 558 2127 doctrinae
581 2064 734 2146 adspirare
756 2065 950 2146 prohibeatur
977 2063 1021 2124 rel
1044 2067 1311 2144 ingeniosissimus,

164 2174 253 2254 idque
281 2175 335 2236 hac
363 2174 424 2237 sola
452 2175 489 2236 de
511 2194 615 2244 causa,
644 2175 723 2256 quod
752 2175 855 2237 humili
883 2178 920 2238 sit
948 2176 1013 2236 loco
1042 2177 1146 2236 uatus?
1190 2175 1310 2237 Etenim

165 2284 296 2354 litterae,
321 2296 353 2347 ut
374 2304 423 2347 res
445 2304 563 2355 omnes,
592 2284 729 2349 libertate
752 2294 905 2348 crescunt:
935 2285 1055 2346 easdem
1083 2287 1144 2345 sive
1167 2286 1223 2346 bac
1245 2288 1308 2346 sire

165 2395 220 2456 alia
244 2415 418 2477 quacunque
441 2399 554 2458 ratione
577 2415 730 2466 coerceas
754 2399 785 2457 in
808 2399 892 2474 peius
914 2399 1048 2457 l'erautur
1071 2415 1193 2456 necesse
1216 2406 1270 2456 est

249 2507 443 2576 vosautem,
475 2526 531 2585 qua
559 2506 693 2586 gaudetis
719 2507 870 2575 libertate,
900 2505 1132 2575 commilitones,
1167 2507 1310 2567 fruamini

165 2617 212 2694 pia
241 2626 353 2691 mente,
382 2615 438 2676 boc
466 2626 524 2686 est,
557 2616 654 2695 legum
683 2616 848 2678 divinarum
877 2616 1133 2694 humanarumque
1163 2619 1308 2677 memori:

163 2724 218 2785 bac
241 2727 319 2785 euim
342 2727 455 2786 rationo
469 2726 506 2786 ad
528 2725 639 2787 calcem
663 2745 743 2797 carn,
767 2744 826 2803 quo
848 2747 899 2789 vos
915 2725 1085 2789 carceribus
1100 2727 1198 2788 denuo
1214 2728 1305 2788 omis-

166 2853 215 2895 sos
236 2832 360 2894 tendere
383 2833 469 2895 decet
490 2854 609 2904 omnes,
633 2836 798 2899 decurretis
820 2839 967 2899 inoffensi.

265 2987 332 3046 Sor.¹
358 3005 396 3046 ru.
429 2987 591 3049 Februario
619 3007 645 3050 a.
673 2988 849 3051 uucccxn
876 2991 906 3051 in
936 2991 1131 3052 Universitate
1163 2990 1308 3051 litteraria

169 3094 362 3159 berolinensi.
