2866 4912
685 233 725 297 15

133 438 337 513 scribendum,
363 456 423 498 non
445 437 635 517 Xenophonti
658 436 816 497 oblocutus
838 448 897 508 est,
920 437 972 498 sed
995 437 1171 508 Phaedrum,
1199 438 1281 498 cuius

132 549 308 610 sententiam
334 549 397 627 ipse
425 547 614 627 improbabat
643 547 742 618 valde,
771 549 878 628 partim
902 547 1013 625 vulgari
1036 555 1191 627 poetarum
1215 549 1278 626 opi-

132 659 230 727 nioni,
254 660 361 737 partim
384 659 507 719 rectiori
523 657 728 737 Xenophontis
751 660 860 719 rationi
881 659 954 719 lecit
977 657 1196 738 obloquentem,
1220 675 1279 718 non

133 786 191 847 quo
214 777 352 848 carperet
374 767 616 846 Xenophontem,
644 768 696 828 sed
718 776 751 829 ut
772 767 939 830 Phaedrum
963 767 1086 830 ridicula
1110 778 1278 831 narrantem

131 888 329 958 proponeret:
358 879 524 939 universam
548 881 626 939 enim
650 878 777 939 Phaedri
800 880 963 940 orationem
987 880 1017 939 in
1041 878 1201 940 ludibrium
1224 878 1278 957 Ly·

131 991 207 1057 siae,
241 990 371 1049 anactoria
403 982 575 1068 ἐρωτικῶν
606 986 734 1067 λόγων,
776 1007 851 1067 quos
883 988 1084 1050 admirabatur
1117 988 1278 1056 Phaedrus,

132 1118 197 1160 esse
225 1101 434 1179 compositam,
464 1107 493 1160 et
521 1098 726 1179 Sydenhamus
753 1102 941 1170 coniectavit,
972 1109 1000 1160 et
1028 1099 1094 1160 data
1123 1101 1279 1161 occasione

132 1209 289 1288 aliquando
319 1209 471 1271 ostendam
503 1212 648 1290 apertius,
684 1228 772 1295 quam
807 1209 877 1270 olim
907 1208 1003 1286 leci¹).
1053 1212 1191 1271 Ceterum
1223 1211 1280 1270 crit

132 1322 255 1382 tortasse
278 1322 328 1400 qni
352 1323 486 1391 miretur,
515 1320 601 1382 docta
623 1319 672 1382 illa
695 1320 825 1383 Phaedri
847 1317 980 1399 vcrba2),
1011 1319 1119 1398 quibus
1141 1317 1275 1398 Aeschyli
1294 1325 1323 1373 17

132 1432 261 1492 narratio
290 1430 455 1500 damnatur,
489 1449 548 1491 non
576 1430 662 1491 nobis
690 1451 757 1493 cum
779 1426 1001 1504 Valckenarioll
1030 1429 1151 1509 aliisque
1179 1428 1278 1489 subdi-

130 1543 214 1610 licia,
239 1540 290 1601 sed
314 1560 382 1602 eum
405 1539 549 1621 Heynioll
573 1559 713 1619 germana
738 1541 845 1603 rideri:
876 1543 985 1621 quippe
1008 1540 1164 1609 mediocri,
1186 1541 1278 1600 immo

132 1649 211 1712 nollo
234 1670 309 1731 opus
331 1659 395 1712 erat
417 1653 529 1730 ingenii
551 1654 686 1713 acumine
702 1652 737 1713 ad
758 1652 835 1712 hanc
851 1651 1126 1729 interpolationem,
1149 1650 1277 1711 simodo

131 1771 225 1831 esset,
250 1761 461 1840 detegendam,
491 1771 520 1823 et
547 1764 610 1841 ipse
638 1763 707 1823 olim
730 1761 915 1824 Valckenarii
937 1760 1100 1842 probabam
1122 1760 1275 1822 iudicium:

129 1872 181 1932 sed
206 1874 255 1951 qui
279 1873 388 1933 lactum
410 1873 463 1942 sit,
489 1882 521 1933 ut
543 1873 652 1951 lugerit
674 1892 791 1943 omnes,
822 1874 1020 1935 necessarium
1043 1872 1071 1932 id
1095 1871 1277 1933 additamen-

130 1990 191 2042 tum
213 1982 338 2043 Phaedri
363 2002 429 2044 esse
452 1984 593 2052 orationi,
623 2002 681 2063 quo
704 2002 807 2044 novam
831 1983 868 2044 de
891 1982 1028 2045 Patroclo
1051 1979 1170 2044 lenitus
1198 2001 1278 2042 ama·

131 2101 195 2153 tore
227 2095 403 2154 sententiam
438 2091 628 2154 audientibus
656 2093 865 2173 comprobaret
898 2104 927 2154 et
959 2101 1062 2154 contra
1095 2093 1278 2154 adversarios

115 2211 279 2274 tueremr,
303 2222 425 2282 prorsus
440 2222 499 2265 non
517 2204 610 2263 video.
641 2203 706 2264 Non
730 2221 807 2282 nego
829 2203 961 2283 putidam
978 2203 1054 2263 hanc
1071 2222 1134 2264 esse
1150 2202 1276 2263 Phaedri

131 2312 296 2373 doctrinam
320 2322 349 2372 et
371 2312 467 2375 alieno
491 2313 775 2392 temporalemque
799 2320 1021 2393 expromptam:
1046 2312 1098 2372 sed
1121 2311 1200 2392 quod
1224 2331 1278 2392 per

131 2442 164 2482 se
186 2429 231 2481 est
253 2423 401 2500 ineptum,
424 2422 454 2481 id
477 2424 575 2501 ipsum
590 2421 718 2483 Phaedri
740 2423 881 2491 orationi,
904 2440 961 2500 qua
982 2422 1184 2500 perstringere
1206 2421 1277 2481 ridi-

131 2530 230 2592 culum
260 2530 472 2592 nonnullorum
502 2531 539 2592 de
567 2550 669 2593 amore
696 2532 874 2612 scriptorum
904 2548 998 2609 genus
1021 2529 1139 2592 dicendi
1162 2529 1278 2591 volebat

130 2641 227 2712 Plato,
251 2642 345 2703 videri
367 2641 456 2703 debet
478 2643 673 2722 aptissimum.
704 2642 813 2703 Laetor
835 2649 947 2717 autem,
972 2659 1061 2722 quum
1078 2641 1174 2711 audio,
1198 2639 1275 2700 idern

130 2772 197 2813 meo
212 2751 382 2813 Heindorllo
405 2751 512 2824 rideri,
538 2755 588 2831 qui
612 2761 767 2831 praeterea
791 2760 904 2824 monet,
928 2754 953 2813 si
975 2751 1093 2813 aliunde
1108 2753 1278 2831 irrepsisset

129 2863 178 2924 illc
201 2862 299 2932 locus,
322 2864 350 2923 in
374 2863 567 2943 sequentibus
590 2881 649 2923 non
672 2857 758 2924 oillei
779 2858 861 2944 γάρ,
884 2862 935 2923 sed
959 2856 1100 2943 καὶγὰρ
1123 2861 1275 2923 Platonem

128 2975 220 3036 luisse
242 2974 398 3049 dicturum.

213 3086 368 3146 Postremo
390 3095 526 3164 quartum
550 3104 567 3146 a
589 3085 733 3148 (lornario
755 3087 876 3147 allertur
899 3084 970 3152 boc,
994 3083 1179 3146 Platonicum
1198 3084 1274 3146 Pau·

129 3198 241 3258 saniam
264 3195 339 3257 duas
360 3203 490 3256 statuere
512 3197 657 3269 Veneres,
681 3195 818 3256 Uraniam
843 3204 873 3257 et
895 3194 1081 3273 Vulgivagam
1104 3197 1164 3256 sive
1186 3191 1275 3256 πάν-

129 3304 253 3387 δημον,
277 3305 525 3386 Xenophonteum
548 3324 618 3367 vero
634 3306 786 3367 Socratem
801 3305 856 3367 hac
878 3305 916 3366 de
938 3324 971 3367 re
986 3304 1132 3367 dubitare.
1162 3305 1275 3385 Nempe

129 3416 193 3486 hic,
224 3417 329 3477 Utrum
359 3436 417 3478 una
445 3417 483 3478 sit
505 3419 618 3487 Venus,
647 3414 788 3496 inquit⁵l,
820 3436 856 3478 an
880 3416 970 3487 duae,
995 3417 1101 3477 Urania
1124 3425 1153 3476 et
1174 3414 1274 3493 Vulgi-

128 3547 215 3606 vaga,
239 3529 356 3589 nescio:
380 3546 448 3588 nam
470 3527 603 3607 luppiter
625 3545 758 3607 quoque,
787 3546 966 3607 quamquam
989 3545 1065 3587 unus
1087 3533 1146 3600 est,
1175 3533 1274 3585 tamen

128 3638 218 3699 nndta
243 3638 332 3699 hahet
354 3640 543 3717 cognomina:
567 3639 685 3715 utrique
708 3656 779 3698 vero
800 3657 869 3699 suas
885 3655 1017 3700 seorsum
1039 3655 1105 3697 aras
1121 3644 1150 3695 ct
1165 3633 1274 3713 templa

128 3759 158 3811 et
178 3767 262 3811 sacra
285 3768 351 3809 esse
373 3749 519 3818 instituta,
543 3747 718 3826 Vulgivagae
740 3749 859 3828 quidem
882 3749 991 3809 leviora
1014 3755 1044 3807 et
1065 3747 1164 3806 minus
1186 3752 1275 3814 casta,

127 3845 255 3921 llraniae
278 3877 348 3920 vero
372 3861 535 3930 sanctiora,
560 3860 703 3920 norimus.
747 3858 840 3938 igitur
861 3857 1027 3937 Xenophon
1050 3853 1187 3916 concedit
1209 3857 1274 3932 qui-

135 4004 358 4013 ...---—-..-.—.

198 4089 223 4150 1)
241 4090 274 4139 V.
293 4088 328 4138 ed
346 4084 418 4139 Pin.
437 4089 503 4144 Min.
524 4093 552 4139 ct
570 4089 658 4154 Legg.
677 4103 704 4152 p.
725 4089 781 4137 183.

195 4173 221 4236 2)
242 4172 366 4238 Sympoa.
386 4172 488 4237 V11,b
507 4171 544 4238 (p.
565 4173 614 4222 180
633 4171 676 4237 A).

194 4258 222 4320 3)
240 4258 330 4308 Dietr.
348 4256 376 4306 in
396 4256 490 4322 Eurip.
511 4256 571 4307 rell.
589 4273 615 4322 p.
637 4259 675 4305 13.

193 4342 221 4405 4)
239 4341 281 4392 Ad
298 4342 379 4393 Iliad.
398 4342 452 4404 x1,
471 4343 529 4392 786.

194 4425 220 4491 h)
240 4424 347 4495 [Symp.
366 4426 444 4489 v111,
462 4422 498 4492 9.]
