2866 4912
165 432 221 492 mis
244 431 385 490 moralem
409 427 593 508 disciplinam
616 426 835 507 pertinentibus
857 428 963 507 placita
992 428 1067 488 haud
1092 426 1243 508 improbat
1267 447 1321 486 us·

165 560 268 619 quam:
297 539 348 601 sed
379 541 409 600 in
438 541 505 618 Cyri
533 547 646 602 tantum
675 539 795 623 ingenio
823 537 1020 600 describendo
1050 559 1065 599 a
1095 538 1320 619 Xenophontea

164 652 271 712 dicitur
293 649 435 712 recedere
458 652 613 712 sententia.
650 650 724 721 uuio
748 649 827 730 quod
850 669 887 710 ne
910 649 966 710 boc
989 650 1107 729 quiden]
1125 669 1225 712 verum
1251 655 1320 713 est?

165 761 237 823 Nam
266 763 297 822 in
325 762 485 842 potissimis
512 760 596 823 Plato
625 779 684 821 uon
716 768 829 821 tautum
858 778 917 820 nou
945 762 1113 822 contrarius
1141 770 1186 822 est
1214 763 1320 843 Xeno·

165 871 283 952 phonti,
314 872 366 932 sed
396 873 460 932 eius
487 873 663 934 senteutiam
693 890 816 952 prorsus
844 871 978 950 adoptat,
1008 879 1040 931 ut
1069 871 1227 951 intelliget,
1263 877 1319 954 qui

164 982 376 1064 Cyropaediam
399 981 584 1062 comparabit
606 1001 671 1043 cum
696 983 855 1043 Platonicis
877 980 958 1042 locis.
1000 983 1151 1058 „Persam
1173 982 1317 1064 inquit¹)‚

165 1093 282 1172 quando
305 1093 360 1154 sub
383 1095 458 1174 epo
481 1094 630 1154 servitutis
646 1092 846 1172 libertatisque
862 1093 1096 1154 mediocritatem
1111 1094 1204 1172 magis
1219 1093 1317 1156 habe·

165 1204 250 1273 bant,
274 1211 303 1264 ei
325 1205 381 1283 ipsi
404 1210 488 1263 eraut
510 1202 611 1272 liberi,
636 1210 665 1264 et
688 1201 812 1264 aliorum
835 1203 956 1264 domiui.
988 1203 1062 1263 Nam
1084 1223 1175 1284 quum
1199 1206 1236 1273 ii,
1261 1207 1316 1285 qui

164 1313 359 1394 imperabant,
382 1316 490 1375 ceteris
505 1315 618 1394 copiam
635 1315 768 1376 lacerent
782 1313 927 1375 libertatis
950 1323 979 1374 et
994 1312 1200 1392 aequalitatem
1217 1333 1317 1392 quau-

165 1424 232 1487 dam
255 1426 459 1500 instituerent,
487 1424 596 1487 milites
623 1424 749 1486 ducibus
772 1430 855 1486 erant
877 1424 1068 1496 addictiores,
1096 1433 1316 1506 promptosque

163 1555 228 1599 sese
251 1535 286 1597 ad
309 1534 441 1617 pericula
463 1535 614 1599 subeunda
638 1535 829 1616 praebebant.
874 1538 914 1597 hc
937 1537 1028 1614 siquis
1056 1537 1134 1597 iuter
1162 1555 1213 1596 eos
1239 1556 1314 1616 pru·

165 1647 238 1707 dens
261 1653 326 1707 erat
347 1644 520 1727 valebatque
535 1645 673 1714 consilio,
697 1664 748 1706 rex
772 1646 849 1706 haud
865 1646 982 1708 invidus
997 1644 1115 1707 dicendi
1140 1646 1314 1710 facultatem

165 1758 333 1818 concedens
361 1775 471 1834 eosque
499 1760 528 1817 in
557 1757 672 1818 honore
695 1756 822 1827 babens,
853 1760 903 1837 qui
932 1757 1003 1817 dare
1031 1757 1153 1819 consilia
1175 1768 1313 1836 possent,

164 1885 352 1929 communem
376 1869 508 1929 omnium
535 1869 722 1948 prudentiam
747 1871 777 1928 in
801 1868 930 1929 medium
954 1866 1138 1929 conterebat:
1168 1877 1313 1933 cemetae·

164 1981 282 2059 quella
305 1987 367 2040 tum
396 1979 431 2039 iis
459 1996 508 2040 res
528 1977 679 2064 libertate,
708 1980 851 2053 amicitia,
879 1978 995 2041 consilii
1023 1981 1204 2057 rationisque
1227 1999 1314 2042 com·

165 2091 307 2151 runnione
329 2097 474 2170 ceperunt
495 2091 712 2152 incrementa.“
748 2090 784 2150 Et
806 2090 834 2150 in
857 2088 1050 2170 sequentibus
1071 2090 1209 2152 concedit
1230 2097 1314 2173 opti·

164 2218 246 2262 muru
275 2208 304 2261 et
331 2201 375 2261 rei
403 2198 539 2280 publicae
568 2207 715 2262 amantem
739 2218 839 2280 regern
868 2200 958 2261 luisse
980 2202 1102 2279 Cyrum:
1132 2219 1224 2263 riuum
1252 2205 1313 2267 hoc

117 2329 150 2377 ee
165 2313 295 2389 quaerit,
324 2329 378 2373 cur
398 2311 455 2374 suh
477 2309 633 2391 cambyse,
663 2313 727 2374 eius
748 2308 824 2382 ulio,
853 2311 1037 2372 conciderint
1065 2313 1171 2372 omnia.
1217 2312 1313 2377 Βού-

164 2421 281 2500 λεσθε,
310 2424 419 2503 inquit,
448 2410 528 2494 ¹eloe
556 2421 695 2503 μαντείᾳ
727 2418 964 2500 διανοηθέντες
996 2416 1172 2501 χρώμεθα;
1207 2424 1313 2485 Μαν-

162 2529 301 2614 τεύομαι
323 2526 363 2614 δὴ
386 2533 453 2593 νῦν
468 2531 549 2612 περί
559 2550 598 2612 γε
615 2527 750 2613 Κύρου,
773 2525 891 2612 τὰμὲν
906 2521 981 2591 ἄλλ’
1000 2524 1104 2593 αὐτὸν
1119 2533 1314 2616 στρατηγόν
1367 2546 1369 2550 ’

162 2663 198 2705 τε
221 2636 352 2723 ἀγαθὸν
367 2633 453 2703 εἶναι
475 2638 532 2702 καὶ
547 2639 744 2721 φιλόπολιν,
768 2637 920 2714 παιδείας
934 2637 970 2702 δὲ
986 2634 1094 2724 ὀρθῆς
1112 2635 1174 2722 οὐχ
1195 2630 1312 2725 ἧφθαι

163 2748 378 2831 τοπαράπαν,
413 2749 589 2834 οἰκονομίᾳ
620 2770 655 2812 τε
689 2745 791 2813 οὐδὲν
823 2744 884 2812 τὸν
916 2752 1002 2813 νοῦν
1034 2751 1309 2835 προςεσχηκέναι.

74 2873 75 2877 ’
163 2862 287 2925 Liberos
310 2870 423 2925 tautum
451 2880 520 2923 suos
542 2881 601 2924 non
629 2871 711 2924 recte
739 2862 880 2924 educasse
903 2863 1010 2941 Cyrum
1032 2862 1116 2924 Plato
1144 2865 1310 2938 contendit,

164 2974 217 3036 sed
239 2974 293 3034 hos
316 2980 346 3034 et
368 2974 536 3034 universam
550 2974 595 3034 rei
609 2970 761 3034 familiaris
777 2973 1077 3045 administrationem,
1101 2993 1188 3056 quam
1211 2973 1311 3043 nixo-

163 3082 286 3166 νομίαν
308 3084 392 3154 dicit,
416 3081 590 3145 mulieribus
611 3083 774 3146 tradidisse.
806 3082 970 3164 Xenophon
995 3103 1063 3145 vero
1086 3085 1123 3146 de
1146 3105 1194 3156 ea,
1219 3105 1311 3166 quam

164 3196 257 3277 Cyrus
285 3214 300 3256 a
329 3193 501 3276 parentibus
527 3202 632 3279 nactus
660 3203 737 3265 erat,
768 3193 906 3272 loquitur
934 3195 1109 3257 educatione
1137 3197 1198 3258 sive
1227 3215 1311 3258 παι-

164 3303 254 3388 aare·
282 3324 362 3376 eam,
398 3323 455 3383 qua
483 3304 559 3366 lilios
585 3307 748 3367 instituerit
783 3304 829 3385 (de
855 3305 911 3366 hac
939 3308 1017 3367 euim
1044 3305 1198 3369 Platonem
1226 3305 1310 3389 loqui

162 3435 222 3478 non
245 3415 372 3478 debebat
393 3415 485 3478 latere
499 3416 680 3477 Athenaeum
705 3424 734 3478 et
751 3415 902 3494 Gellium),
927 3434 965 3477 ue
986 3418 1049 3496 ipse
1072 3418 1190 3496 quidem
1207 3418 1309 3481 Xeno-

163 3528 242 3606 phon
277 3528 423 3607 exposuit,
459 3528 515 3588 nisi
547 3526 624 3607 quod
655 3528 757 3606 paucis
791 3526 887 3588 obiter
926 3523 1058 3606 tangre).
1109 3528 1184 3599 Quid
1216 3532 1310 3608 igitur

163 3638 297 3699 videtur?
340 3637 445 3698 Nonne
472 3636 554 3698 Plato
581 3638 810 3716 Xenophontem
838 3640 938 3719 potius
965 3657 1031 3699 esse
1059 3638 1174 3701 ridetur
1199 3640 1309 3704 ducem

162 3758 282 3808 secutus
304 3764 392 3826 quam
415 3748 605 3827 impugnasse
627 3765 699 3828 prae
722 3747 829 3808 invidia
859 3758 889 3809 et
916 3746 1083 3809 simultate?
1127 3750 1202 3820 Ouid
1226 3752 1310 3827 quod

163 3867 237 3927 tum,
262 3875 352 3936 quum
377 3856 580 3921 scriberentur
601 3858 711 3937 Leges,
742 3876 817 3936 qnae
845 3867 927 3920 certe
953 3865 1021 3937 post
1043 3856 1088 3918 Ol.
1112 3859 1188 3931 CVl,
1213 3859 1228 3919 1
1260 3862 1309 3922 in·

162 3968 285 4030 choatae
307 3977 376 4030 sunt
398 3987 413 4029 a
436 3987 507 4031 sene
529 3969 651 4032 Platone
659 3966 695 4050 ³),
724 3968 890 4049 Xenophon
919 3972 1045 4031 sortasse
1067 3970 1125 4031 iam
1149 3968 1310 4034 defunctus

231 4256 255 4320 1)
274 4258 361 4324 Legg.
379 4256 435 4320 111,
455 4273 481 4322 p.
499 4257 549 4308 694
566 4256 598 4307 Δ.

228 4343 256 4407 2)
274 4346 306 4393 ut
323 4342 402 4405 VIII,
422 4343 447 4404 7,
470 4345 508 4395 10.

228 4425 255 4497 3)
273 4429 305 4478 V.
325 4426 361 4477 ad
380 4426 451 4478 Plat.
469 4425 534 4478 Μὶν.
553 4433 581 4478 et
598 4428 685 4495 Legq.
704 4442 729 4492 p.
749 4429 791 4479 73.
