<?xml version="1.0" encoding="UTF-8"?>
<!DOCTYPE html PUBLIC "-//W3C//DTD XHTML 1.0 Transitional//EN"
    "http://www.w3.org/TR/xhtml1/DTD/xhtml1-transitional.dtd">
<html xmlns="http://www.w3.org/1999/xhtml" xml:lang="en" lang="en">
 <head>
  <title>
</title>
<meta http-equiv="Content-Type" content="text/html;charset=utf-8" />
  <meta name='ocr-system' content='tesseract 3.04.00' />
  <meta name='ocr-capabilities' content='ocr_page ocr_carea ocr_par ocr_line ocrx_word'/>
</head>
<body>
  <div class='ocr_page' id='page_1' title='image "augustboeckhsge04bratgoog_0020.png"; bbox 0 0 2866 4912; ppageno 0'>
   <div class='ocr_carea' id='block_1_1' title="bbox 791 186 810 248">
    <p class='ocr_par' dir='ltr' id='par_1_1' title="bbox 791 186 810 248">
     <span class='ocr_line' id='line_1_1' title="bbox 791 186 810 248; baseline 0 0"><span class='ocrx_word' id='word_1_1' title='bbox 791 186 810 248; x_wconf 89' lang='lat'><em>8</em></span> 
     </span>
    </p>
   </div>
   <div class='ocr_carea' id='block_1_2' title="bbox 720 274 869 282">
    <p class='ocr_par' dir='ltr' id='par_1_2' title="bbox 720 274 869 282">
     <span class='ocr_line' id='line_1_2' title="bbox 720 274 869 282; baseline 0.007 -1"><span class='ocrx_word' id='word_1_2' title='bbox 720 274 869 282; x_wconf 78' lang='lat'><em>——-—--—-</em></span> 
     </span>
    </p>
   </div>
   <div class='ocr_carea' id='block_1_3' title="bbox 135 384 1415 4116">
    <p class='ocr_par' dir='ltr' id='par_1_3' title="bbox 135 384 1415 4116">
     <span class='ocr_line' id='line_1_3' title="bbox 225 384 1371 475; baseline -0.006 -19"><span class='ocrx_word' id='word_1_3' title='bbox 225 391 450 475; x_wconf 81' lang='grc' dir='ltr'><strong><em>μισθούμενοι</em></strong></span> <span class='ocrx_word' id='word_1_4' title='bbox 472 387 655 472; x_wconf 76' lang='grc' dir='ltr'><strong><em>ἀλλοτρίαν</em></strong></span> <span class='ocrx_word' id='word_1_5' title='bbox 677 386 797 473; x_wconf 76' lang='grc' dir='ltr'><strong><em>φωνήν</em></strong></span> <span class='ocrx_word' id='word_1_6' title='bbox 819 385 881 471; x_wconf 78' lang='grc' dir='ltr'><strong>τὴν</strong></span> <span class='ocrx_word' id='word_1_7' title='bbox 903 386 971 452; x_wconf 77' lang='grc' dir='ltr'><strong>των</strong></span> <span class='ocrx_word' id='word_1_8' title='bbox 993 384 1125 468; x_wconf 78' lang='grc' dir='ltr'><strong><em>αὐλῶν,</em></strong></span> <span class='ocrx_word' id='word_1_9' title='bbox 1154 385 1210 451; x_wconf 84' lang='grc' dir='ltr'><strong>καί</strong></span> <span class='ocrx_word' id='word_1_10' title='bbox 1233 385 1289 450; x_wconf 86' lang='grc' dir='ltr'><strong>διδ</strong></span> <span class='ocrx_word' id='word_1_11' title='bbox 1311 391 1371 470; x_wconf 86' lang='grc' dir='ltr'><strong>τῆς</strong></span> 
     </span>
     <span class='ocr_line' id='line_1_4' title="bbox 228 480 1370 586; baseline -0.007 -18"><span class='ocrx_word' id='word_1_12' title='bbox 228 501 369 569; x_wconf 80' lang='grc' dir='ltr'><strong><em>ἐκείνων</em></strong></span> <span class='ocrx_word' id='word_1_13' title='bbox 397 503 512 586; x_wconf 81' lang='grc' dir='ltr'><strong><em>φωνῆς</em></strong></span> <span class='ocrx_word' id='word_1_14' title='bbox 540 496 697 584; x_wconf 77' lang='grc' dir='ltr'><strong><em>ἀλλήλοις</em></strong></span> <span class='ocrx_word' id='word_1_15' title='bbox 720 480 891 564; x_wconf 84' lang='grc' dir='ltr'><strong><em>σύνεισιν·</em></strong></span> <span class='ocrx_word' id='word_1_16' title='bbox 921 495 1007 563; x_wconf 85' lang='grc' dir='ltr'><strong><em>ὅπου</em></strong></span> <span class='ocrx_word' id='word_1_17' title='bbox 1034 498 1070 562; x_wconf 80' lang='grc' dir='ltr'><strong>δὲ</strong></span> <span class='ocrx_word' id='word_1_18' title='bbox 1098 495 1195 561; x_wconf 84' lang='grc' dir='ltr'><strong><em>καλοί</em></strong></span> <span class='ocrx_word' id='word_1_19' title='bbox 1224 495 1370 579; x_wconf 79' lang='grc' dir='ltr'><strong><em>κάγαθοὶ</em></strong></span> 
     </span>
     <span class='ocr_line' id='line_1_5' title="bbox 229 602 1370 696; baseline -0.007 -19"><span class='ocrx_word' id='word_1_20' title='bbox 229 611 396 696; x_wconf 81' lang='grc' dir='ltr'><strong><em>συμπόται</em></strong></span> <span class='ocrx_word' id='word_1_21' title='bbox 418 610 475 676; x_wconf 79' lang='grc' dir='ltr'><strong>καὶ</strong></span> <span class='ocrx_word' id='word_1_22' title='bbox 497 609 759 693; x_wconf 78' lang='grc' dir='ltr'><strong><em>πεπαιδευμένοι</em></strong></span> <span class='ocrx_word' id='word_1_23' title='bbox 782 610 887 692; x_wconf 88' lang='grc' dir='ltr'><strong><em>είσίν,</em></strong></span> <span class='ocrx_word' id='word_1_24' title='bbox 914 606 977 673; x_wconf 84' lang='grc' dir='ltr'><strong>οὐκ</strong></span> <span class='ocrx_word' id='word_1_25' title='bbox 999 602 1042 673; x_wconf 77' lang='grc' dir='ltr'><strong>δν</strong></span> <span class='ocrx_word' id='word_1_26' title='bbox 1065 609 1149 685; x_wconf 81' lang='grc' dir='ltr'><strong><em>ίδοις</em></strong></span> <span class='ocrx_word' id='word_1_27' title='bbox 1171 603 1240 671; x_wconf 82' lang='grc' dir='ltr'><strong><em>οὔτ’</em></strong></span> <span class='ocrx_word' id='word_1_28' title='bbox 1265 604 1370 691; x_wconf 73' lang='grc' dir='ltr'><strong><em>αὐλη-</em></strong></span> 
     </span>
     <span class='ocr_line' id='line_1_6' title="bbox 226 715 1372 807; baseline -0.006 -19"><span class='ocrx_word' id='word_1_29' title='bbox 226 723 342 807; x_wconf 88' lang='grc' dir='ltr'><strong><em>τρίδας</em></strong></span> <span class='ocrx_word' id='word_1_30' title='bbox 364 719 436 787; x_wconf 83' lang='grc' dir='ltr'><strong><em>οὔτ’</em></strong></span> <span class='ocrx_word' id='word_1_31' title='bbox 460 717 681 806; x_wconf 82' lang='grc' dir='ltr'><strong><em>ὀρχηστρίδας</em></strong></span> <span class='ocrx_word' id='word_1_32' title='bbox 702 716 778 784; x_wconf 81' lang='grc' dir='ltr'><strong><em>οὔτε</em></strong></span> <span class='ocrx_word' id='word_1_33' title='bbox 799 722 982 804; x_wconf 75' lang='grc' dir='ltr'><strong><em>ψαλτρίας,</em></strong></span> <span class='ocrx_word' id='word_1_34' title='bbox 1012 715 1087 783; x_wconf 80' lang='grc' dir='ltr'><strong><em>ἀλλ’</em></strong></span> <span class='ocrx_word' id='word_1_35' title='bbox 1111 715 1234 795; x_wconf 82' lang='grc' dir='ltr'><strong><em>αὐτοὺς</em></strong></span> <span class='ocrx_word' id='word_1_36' title='bbox 1256 715 1372 793; x_wconf 84' lang='grc' dir='ltr'><strong><em>αὐτοῖς</em></strong></span> 
     </span>
     <span class='ocr_line' id='line_1_7' title="bbox 229 825 1372 915; baseline -0.003 -19"><span class='ocrx_word' id='word_1_37' title='bbox 229 829 366 910; x_wconf 84' lang='grc' dir='ltr'><strong><em>ίκανοδς</em></strong></span> <span class='ocrx_word' id='word_1_38' title='bbox 394 830 495 907; x_wconf 86' lang='grc' dir='ltr'><strong><em>ὄντας</em></strong></span> <span class='ocrx_word' id='word_1_39' title='bbox 521 841 677 896; x_wconf 75' lang='grc' dir='ltr'><strong><em>συνεῖναι</em></strong></span> <span class='ocrx_word' id='word_1_40' title='bbox 706 825 788 894; x_wconf 80' lang='grc' dir='ltr'><strong><em>ἄνευ</em></strong></span> <span class='ocrx_word' id='word_1_41' title='bbox 821 834 892 894; x_wconf 86' lang='grc' dir='ltr'><strong>των</strong></span> <span class='ocrx_word' id='word_1_42' title='bbox 920 830 1037 915; x_wconf 78' lang='grc' dir='ltr'><strong><em>λήρων</em></strong></span> <span class='ocrx_word' id='word_1_43' title='bbox 1069 852 1104 893; x_wconf 83' lang='grc' dir='ltr'><strong>τε</strong></span> <span class='ocrx_word' id='word_1_44' title='bbox 1137 828 1193 893; x_wconf 79' lang='grc' dir='ltr'><strong>καὶ</strong></span> <span class='ocrx_word' id='word_1_45' title='bbox 1226 829 1372 892; x_wconf 82' lang='grc' dir='ltr'><strong><em>παιδιῶν</em></strong></span> 
     </span>
     <span class='ocr_line' id='line_1_8' title="bbox 227 935 1373 1024; baseline -0.006 -15"><span class='ocrx_word' id='word_1_46' title='bbox 227 943 376 1024; x_wconf 81' lang='grc' dir='ltr'><strong><em>τούτων,</em></strong></span> <span class='ocrx_word' id='word_1_47' title='bbox 405 938 461 1006; x_wconf 81' lang='grc' dir='ltr'><strong>διδ</strong></span> <span class='ocrx_word' id='word_1_48' title='bbox 489 946 549 1024; x_wconf 84' lang='grc' dir='ltr'><strong>τῆς</strong></span> <span class='ocrx_word' id='word_1_49' title='bbox 576 935 691 1005; x_wconf 82' lang='grc' dir='ltr'><strong><em>αὑτων</em></strong></span> <span class='ocrx_word' id='word_1_50' title='bbox 718 943 835 1023; x_wconf 80' lang='grc' dir='ltr'><strong><em>φωνῆς</em></strong></span> <span class='ocrx_word' id='word_1_51' title='bbox 862 938 1022 1023; x_wconf 78' lang='grc' dir='ltr'><strong><em>λέγοντάς</em></strong></span> <span class='ocrx_word' id='word_1_52' title='bbox 1049 961 1084 1003; x_wconf 93' lang='grc' dir='ltr'><strong>τε</strong></span> <span class='ocrx_word' id='word_1_53' title='bbox 1107 936 1163 1003; x_wconf 79' lang='grc' dir='ltr'><strong>καὶ</strong></span> <span class='ocrx_word' id='word_1_54' title='bbox 1186 935 1373 1014; x_wconf 76' lang='grc' dir='ltr'><strong><em>ἀκούοντας</em></strong></span> 
     </span>
     <span class='ocr_line' id='line_1_9' title="bbox 229 1043 1370 1138; baseline -0.005 -19"><span class='ocrx_word' id='word_1_55' title='bbox 229 1053 268 1119; x_wconf 82' lang='grc' dir='ltr'><strong>ἐν</strong></span> <span class='ocrx_word' id='word_1_56' title='bbox 294 1053 388 1138; x_wconf 86' lang='grc' dir='ltr'><strong><em>με’ρει</em></strong></span> <span class='ocrx_word' id='word_1_57' title='bbox 416 1051 547 1118; x_wconf 74' lang='grc' dir='ltr'><strong><em>ἑαυτῶν</em></strong></span> <span class='ocrx_word' id='word_1_58' title='bbox 574 1054 737 1135; x_wconf 86' lang='grc' dir='ltr'><strong><em>κοσμίως,</em></strong></span> <span class='ocrx_word' id='word_1_59' title='bbox 770 1043 836 1115; x_wconf 76' lang='grc' dir='ltr'><strong>κᾶν</strong></span> <span class='ocrx_word' id='word_1_60' title='bbox 863 1050 957 1115; x_wconf 77' lang='grc' dir='ltr'><strong><em>πάνυ</em></strong></span> <span class='ocrx_word' id='word_1_61' title='bbox 979 1047 1089 1115; x_wconf 85' lang='grc' dir='ltr'><strong><em>πολύν</em></strong></span> <span class='ocrx_word' id='word_1_62' title='bbox 1118 1043 1214 1114; x_wconf 79' lang='grc' dir='ltr'><strong><em>οἶνον</em></strong></span> <span class='ocrx_word' id='word_1_63' title='bbox 1236 1053 1370 1114; x_wconf 90' lang='grc' dir='ltr'><strong><em>πίωσιν.</em></strong></span> 
     </span>
     <span class='ocr_line' id='line_1_10' title="bbox 228 1164 1371 1243; baseline -0.005 -13"><span class='ocrx_word' id='word_1_64' title='bbox 228 1168 306 1230; x_wconf 90' lang='lat' dir='ltr'><strong>Num</strong></span> <span class='ocrx_word' id='word_1_65' title='bbox 341 1185 411 1226; x_wconf 85' lang='lat' dir='ltr'><strong>vcro</strong></span> <span class='ocrx_word' id='word_1_66' title='bbox 444 1167 474 1226; x_wconf 92' lang='lat' dir='ltr'><strong>in</strong></span> <span class='ocrx_word' id='word_1_67' title='bbox 509 1166 564 1227; x_wconf 89' lang='lat' dir='ltr'><strong>bac</strong></span> <span class='ocrx_word' id='word_1_68' title='bbox 597 1165 788 1227; x_wconf 88' lang='lat' dir='ltr'><strong>tibicinarum</strong></span> <span class='ocrx_word' id='word_1_69' title='bbox 822 1166 968 1227; x_wconf 84' lang='lat' dir='ltr'><strong>electione</strong></span> <span class='ocrx_word' id='word_1_70' title='bbox 1001 1171 1045 1226; x_wconf 90' lang='lat' dir='ltr'><strong>est</strong></span> <span class='ocrx_word' id='word_1_71' title='bbox 1078 1164 1253 1243; x_wconf 81' lang='lat' dir='ltr'><strong>quidquam,</strong></span> <span class='ocrx_word' id='word_1_72' title='bbox 1293 1165 1371 1241; x_wconf 88' lang='lat' dir='ltr'><strong>quod</strong></span> 
     </span>
     <span class='ocr_line' id='line_1_11' title="bbox 135 1273 1415 1359; baseline -0.004 -19"><span class='ocrx_word' id='word_1_73' title='bbox 135 1346 140 1359; x_wconf 41' lang='grc' dir='ltr'>Ι</span> <span class='ocrx_word' id='word_1_74' title='bbox 229 1278 382 1340; x_wconf 77' lang='lat' dir='ltr'><strong>offendere</strong></span> <span class='ocrx_word' id='word_1_75' title='bbox 411 1276 640 1355; x_wconf 83' lang='lat' dir='ltr'><strong>Xenophontem</strong></span> <span class='ocrx_word' id='word_1_76' title='bbox 669 1276 817 1354; x_wconf 73' lang='lat' dir='ltr'><strong>potuerit?</strong></span> <span class='ocrx_word' id='word_1_77' title='bbox 867 1273 983 1354; x_wconf 82' lang='lat' dir='ltr'>Quippe</span> <span class='ocrx_word' id='word_1_78' title='bbox 1016 1293 1108 1354; x_wconf 88' lang='lat' dir='ltr'><strong>quum</strong></span> <span class='ocrx_word' id='word_1_79' title='bbox 1141 1275 1190 1334; x_wconf 90' lang='lat' dir='ltr'><strong>hic</strong></span> <span class='ocrx_word' id='word_1_80' title='bbox 1218 1275 1372 1336; x_wconf 80' lang='lat' dir='ltr'>Socratem</span> <span class='ocrx_word' id='word_1_81' title='bbox 1412 1312 1415 1317; x_wconf 91' lang='lat'>·</span> 
     </span>
     <span class='ocr_line' id='line_1_12' title="bbox 230 1384 1372 1465; baseline -0.004 -16"><span class='ocrx_word' id='word_1_82' title='bbox 230 1388 318 1451; x_wconf 87' lang='lat' dir='ltr'><strong>vellet</strong></span> <span class='ocrx_word' id='word_1_83' title='bbox 344 1387 517 1457; x_wconf 79' lang='lat' dir='ltr'><strong>ostendere,</strong></span> <span class='ocrx_word' id='word_1_84' title='bbox 546 1384 641 1465; x_wconf 90' lang='lat' dir='ltr'><strong>qualis</strong></span> <span class='ocrx_word' id='word_1_85' title='bbox 669 1386 759 1446; x_wconf 85' lang='lat' dir='ltr'><strong>luerit</strong></span> <span class='ocrx_word' id='word_1_86' title='bbox 787 1404 846 1447; x_wconf 93' lang='lat' dir='ltr'><strong>non</strong></span> <span class='ocrx_word' id='word_1_87' title='bbox 874 1392 987 1446; x_wconf 88' lang='lat' dir='ltr'><strong>tantum</strong></span> <span class='ocrx_word' id='word_1_88' title='bbox 1016 1386 1047 1444; x_wconf 92' lang='lat' dir='ltr'><strong>in</strong></span> <span class='ocrx_word' id='word_1_89' title='bbox 1074 1386 1174 1454; x_wconf 90' lang='lat' dir='ltr'><strong>seriis,</strong></span> <span class='ocrx_word' id='word_1_90' title='bbox 1203 1384 1254 1445; x_wconf 87' lang='lat' dir='ltr'><strong>scd</strong></span> <span class='ocrx_word' id='word_1_91' title='bbox 1284 1387 1372 1445; x_wconf 88' lang='lat' dir='ltr'><strong>ctiam</strong></span> 
     </span>
     <span class='ocr_line' id='line_1_13' title="bbox 229 1493 1373 1576; baseline -0.005 -16"><span class='ocrx_word' id='word_1_92' title='bbox 229 1501 259 1560; x_wconf 92' lang='lat' dir='ltr'><strong>in</strong></span> <span class='ocrx_word' id='word_1_93' title='bbox 283 1497 462 1560; x_wconf 90' lang='lat' dir='ltr'><strong>iocularibus</strong></span> <span class='ocrx_word' id='word_1_94' title='bbox 484 1495 541 1557; x_wconf 87' lang='lat' dir='ltr'><strong>illis</strong></span> <span class='ocrx_word' id='word_1_95' title='bbox 568 1496 604 1558; x_wconf 90' lang='lat' dir='ltr'><strong>ad</strong></span> <span class='ocrx_word' id='word_1_96' title='bbox 632 1496 785 1557; x_wconf 88' lang='lat' dir='ltr'><strong>hominum</strong></span> <span class='ocrx_word' id='word_1_97' title='bbox 814 1494 991 1576; x_wconf 88' lang='lat' dir='ltr'><strong>voluptatem</strong></span> <span class='ocrx_word' id='word_1_98' title='bbox 1020 1493 1284 1573; x_wconf 83' lang='lat' dir='ltr'><strong>exhilarandosquc</strong></span> <span class='ocrx_word' id='word_1_99' title='bbox 1309 1497 1373 1557; x_wconf 91' lang='lat' dir='ltr'><strong>aui-</strong></span> 
     </span>
     <span class='ocr_line' id='line_1_14' title="bbox 230 1599 1374 1685; baseline -0.003 -16"><span class='ocrx_word' id='word_1_100' title='bbox 230 1627 294 1670; x_wconf 89' lang='lat' dir='ltr'><strong>mos</strong></span> <span class='ocrx_word' id='word_1_101' title='bbox 317 1608 458 1669; x_wconf 87' lang='lat' dir='ltr'><strong>institutis</strong></span> <span class='ocrx_word' id='word_1_102' title='bbox 481 1606 590 1675; x_wconf 88' lang='lat' dir='ltr'><strong>rebus,</strong></span> <span class='ocrx_word' id='word_1_103' title='bbox 621 1599 662 1667; x_wconf 82' lang='grc' dir='ltr'><strong>οὐ</strong></span> <span class='ocrx_word' id='word_1_104' title='bbox 684 1601 791 1685; x_wconf 90' lang='grc' dir='ltr'><strong><em>μόνον</em></strong></span> <span class='ocrx_word' id='word_1_105' title='bbox 814 1602 852 1667; x_wconf 79' lang='grc' dir='ltr'><strong>ἐν</strong></span> <span class='ocrx_word' id='word_1_106' title='bbox 881 1614 950 1678; x_wconf 77' lang='grc' dir='ltr'><strong><em>τοῖς</em></strong></span> <span class='ocrx_word' id='word_1_107' title='bbox 976 1599 1059 1685; x_wconf 79' lang='grc' dir='ltr'><strong><em>μετὰ</em></strong></span> <span class='ocrx_word' id='word_1_108' title='bbox 1087 1602 1238 1685; x_wconf 83' lang='grc' dir='ltr'><strong><em>σπουδῆς</em></strong></span> <span class='ocrx_word' id='word_1_109' title='bbox 1266 1625 1374 1684; x_wconf 87' lang='grc' dir='ltr'><strong><em>πρατ-</em></strong></span> 
     </span>
     <span class='ocr_line' id='line_1_15' title="bbox 229 1710 1373 1798; baseline -0.002 -19"><span class='ocrx_word' id='word_1_110' title='bbox 229 1713 381 1798; x_wconf 78' lang='grc' dir='ltr'><strong><em>τομένοις</em></strong></span> <span class='ocrx_word' id='word_1_111' title='bbox 403 1710 489 1778; x_wconf 79' lang='grc' dir='ltr'><strong><em>ἀλλὰ</em></strong></span> <span class='ocrx_word' id='word_1_112' title='bbox 518 1710 575 1777; x_wconf 83' lang='grc' dir='ltr'><strong>καί</strong></span> <span class='ocrx_word' id='word_1_113' title='bbox 598 1711 637 1777; x_wconf 81' lang='grc' dir='ltr'><strong>ἐν</strong></span> <span class='ocrx_word' id='word_1_114' title='bbox 658 1723 731 1789; x_wconf 83' lang='grc' dir='ltr'><strong><em>τοιίς</em></strong></span> <span class='ocrx_word' id='word_1_115' title='bbox 758 1712 924 1795; x_wconf 78' lang='grc' dir='ltr'><strong><em>παιδιαῖς,</em></strong></span> <span class='ocrx_word' id='word_1_116' title='bbox 952 1723 984 1777; x_wconf 97' lang='lat' dir='ltr'><strong>ut</strong></span> <span class='ocrx_word' id='word_1_117' title='bbox 1012 1717 1077 1796; x_wconf 89' lang='lat' dir='ltr'><strong>ipse</strong></span> <span class='ocrx_word' id='word_1_118' title='bbox 1107 1717 1170 1777; x_wconf 85' lang='lat' dir='ltr'><strong>lere</strong></span> <span class='ocrx_word' id='word_1_119' title='bbox 1193 1716 1266 1776; x_wconf 81' lang='lat' dir='ltr'><strong>dixit</strong></span> <span class='ocrx_word' id='word_1_120' title='bbox 1288 1718 1373 1777; x_wconf 91' lang='lat' dir='ltr'><strong>initio</strong></span> 
     </span>
     <span class='ocr_line' id='line_1_16' title="bbox 230 1825 1374 1911; baseline -0.003 -20"><span class='ocrx_word' id='word_1_121' title='bbox 230 1829 393 1911; x_wconf 76' lang='lat' dir='ltr'><strong>Symposii;</strong></span> <span class='ocrx_word' id='word_1_122' title='bbox 417 1845 538 1888; x_wconf 87' lang='lat' dir='ltr'><strong>necesse</strong></span> <span class='ocrx_word' id='word_1_123' title='bbox 562 1836 641 1897; x_wconf 89' lang='lat' dir='ltr'><strong>erat,</strong></span> <span class='ocrx_word' id='word_1_124' title='bbox 670 1835 702 1888; x_wconf 94' lang='lat' dir='ltr'><strong>ut</strong></span> <span class='ocrx_word' id='word_1_125' title='bbox 724 1829 868 1889; x_wconf 89' lang='lat' dir='ltr'><strong>retineret</strong></span> <span class='ocrx_word' id='word_1_126' title='bbox 889 1829 961 1888; x_wconf 87' lang='lat' dir='ltr'><strong>istas</strong></span> <span class='ocrx_word' id='word_1_127' title='bbox 984 1845 1091 1906; x_wconf 87' lang='lat' dir='ltr'><strong>nugas,</strong></span> <span class='ocrx_word' id='word_1_128' title='bbox 1121 1825 1228 1906; x_wconf 85' lang='lat' dir='ltr'><strong>quibus</strong></span> <span class='ocrx_word' id='word_1_129' title='bbox 1249 1826 1374 1888; x_wconf 76' lang='lat' dir='ltr'><strong>sublatis</strong></span> 
     </span>
     <span class='ocr_line' id='line_1_17' title="bbox 231 1936 1372 2019; baseline -0.003 -19"><span class='ocrx_word' id='word_1_130' title='bbox 231 1957 263 2000; x_wconf 89' lang='lat' dir='ltr'><strong>ea</strong></span> <span class='ocrx_word' id='word_1_131' title='bbox 287 1941 366 2019; x_wconf 87' lang='lat' dir='ltr'><strong>ipsa,</strong></span> <span class='ocrx_word' id='word_1_132' title='bbox 397 1940 428 1998; x_wconf 94' lang='lat' dir='ltr'><strong>in</strong></span> <span class='ocrx_word' id='word_1_133' title='bbox 458 1938 566 2018; x_wconf 90' lang='lat' dir='ltr'><strong>quibus</strong></span> <span class='ocrx_word' id='word_1_134' title='bbox 593 1938 677 1998; x_wconf 90' lang='lat' dir='ltr'><strong>cerni</strong></span> <span class='ocrx_word' id='word_1_135' title='bbox 699 1937 854 1998; x_wconf 79' lang='lat' dir='ltr'><strong>Socratem</strong></span> <span class='ocrx_word' id='word_1_136' title='bbox 877 1937 1022 2007; x_wconf 88' lang='lat' dir='ltr'><strong>voluerat,</strong></span> <span class='ocrx_word' id='word_1_137' title='bbox 1051 1936 1217 1998; x_wconf 87' lang='lat' dir='ltr'><strong>sustulisset</strong></span> <span class='ocrx_word' id='word_1_138' title='bbox 1238 1940 1372 2016; x_wconf 87' lang='lat' dir='ltr'><strong>penitus:</strong></span> 
     </span>
     <span class='ocr_line' id='line_1_18' title="bbox 230 2047 1373 2127; baseline -0.002 -16"><span class='ocrx_word' id='word_1_139' title='bbox 230 2049 313 2111; x_wconf 87' lang='lat' dir='ltr'><strong>Plato</strong></span> <span class='ocrx_word' id='word_1_140' title='bbox 338 2067 423 2120; x_wconf 88' lang='lat' dir='ltr'><strong>vero,</strong></span> <span class='ocrx_word' id='word_1_141' title='bbox 452 2047 503 2108; x_wconf 93' lang='lat' dir='ltr'><strong>ubi</strong></span> <span class='ocrx_word' id='word_1_142' title='bbox 526 2049 700 2124; x_wconf 88' lang='lat' dir='ltr'><strong>magistrum</strong></span> <span class='ocrx_word' id='word_1_143' title='bbox 722 2050 753 2109; x_wconf 87' lang='lat' dir='ltr'><strong>iu</strong></span> <span class='ocrx_word' id='word_1_144' title='bbox 775 2049 884 2110; x_wconf 87' lang='lat' dir='ltr'><strong>summi</strong></span> <span class='ocrx_word' id='word_1_145' title='bbox 912 2049 1022 2127; x_wconf 88' lang='lat' dir='ltr'><strong>ingenii</strong></span> <span class='ocrx_word' id='word_1_146' title='bbox 1047 2049 1178 2109; x_wconf 88' lang='lat' dir='ltr'><strong>virorum</strong></span> <span class='ocrx_word' id='word_1_147' title='bbox 1200 2049 1373 2109; x_wconf 87' lang='lat' dir='ltr'><strong>societatem</strong></span> 
     </span>
     <span class='ocr_line' id='line_1_19' title="bbox 231 2157 1375 2229; baseline 0.001 -10"><span class='ocrx_word' id='word_1_148' title='bbox 231 2159 362 2229; x_wconf 81' lang='lat' dir='ltr'><strong>induxit,</strong></span> <span class='ocrx_word' id='word_1_149' title='bbox 391 2160 416 2219; x_wconf 90' lang='lat' dir='ltr'><strong>si</strong></span> <span class='ocrx_word' id='word_1_150' title='bbox 443 2157 561 2218; x_wconf 83' lang='lat' dir='ltr'><strong>diverso</strong></span> <span class='ocrx_word' id='word_1_151' title='bbox 588 2157 677 2219; x_wconf 91' lang='lat' dir='ltr'><strong>modo</strong></span> <span class='ocrx_word' id='word_1_152' title='bbox 705 2157 911 2219; x_wconf 90' lang='lat' dir='ltr'><strong>adornandum</strong></span> <span class='ocrx_word' id='word_1_153' title='bbox 939 2161 1054 2219; x_wconf 89' lang='lat' dir='ltr'><strong>censuit</strong></span> <span class='ocrx_word' id='word_1_154' title='bbox 1088 2159 1268 2229; x_wconf 87' lang='lat' dir='ltr'><strong>convivium,</strong></span> <span class='ocrx_word' id='word_1_155' title='bbox 1303 2177 1375 2220; x_wconf 91' lang='lat' dir='ltr'><strong>num</strong></span> 
     </span>
     <span class='ocr_line' id='line_1_20' title="bbox 231 2267 1373 2349; baseline -0.001 -18"><span class='ocrx_word' id='word_1_156' title='bbox 231 2289 267 2331; x_wconf 92' lang='lat' dir='ltr'><strong>eo</strong></span> <span class='ocrx_word' id='word_1_157' title='bbox 295 2268 524 2349; x_wconf 88' lang='lat' dir='ltr'><strong>Xenophontem</strong></span> <span class='ocrx_word' id='word_1_158' title='bbox 551 2267 759 2349; x_wconf 80' lang='lat' dir='ltr'><strong>reprehendit,</strong></span> <span class='ocrx_word' id='word_1_159' title='bbox 789 2267 867 2347; x_wconf 89' lang='lat' dir='ltr'><strong>quod</strong></span> <span class='ocrx_word' id='word_1_160' title='bbox 895 2286 956 2331; x_wconf 93' lang='lat' dir='ltr'><strong>non</strong></span> <span class='ocrx_word' id='word_1_161' title='bbox 982 2268 1062 2330; x_wconf 89' lang='lat' dir='ltr'><strong>idem</strong></span> <span class='ocrx_word' id='word_1_162' title='bbox 1091 2268 1195 2330; x_wconf 86' lang='lat' dir='ltr'><strong>lecerit</strong></span> <span class='ocrx_word' id='word_1_163' title='bbox 1229 2288 1264 2329; x_wconf 90' lang='lat' dir='ltr'><strong>co</strong></span> <span class='ocrx_word' id='word_1_164' title='bbox 1296 2269 1373 2340; x_wconf 90' lang='lat' dir='ltr'><strong>loco,</strong></span> 
     </span>
     <span class='ocr_line' id='line_1_21' title="bbox 231 2378 1374 2459; baseline 0 -17"><span class='ocrx_word' id='word_1_165' title='bbox 231 2379 282 2442; x_wconf 90' lang='lat' dir='ltr'><strong>ubi</strong></span> <span class='ocrx_word' id='word_1_166' title='bbox 305 2398 343 2440; x_wconf 90' lang='lat' dir='ltr'><strong>ne</strong></span> <span class='ocrx_word' id='word_1_167' title='bbox 364 2381 429 2459; x_wconf 90' lang='lat' dir='ltr'><strong>ipse</strong></span> <span class='ocrx_word' id='word_1_168' title='bbox 452 2380 571 2457; x_wconf 87' lang='lat' dir='ltr'><strong>quidem</strong></span> <span class='ocrx_word' id='word_1_169' title='bbox 593 2380 697 2441; x_wconf 86' lang='lat' dir='ltr'><strong>luisset</strong></span> <span class='ocrx_word' id='word_1_170' title='bbox 718 2379 869 2440; x_wconf 74' lang='lat' dir='ltr'><strong>lecturus?</strong></span> <span class='ocrx_word' id='word_1_171' title='bbox 912 2379 1006 2441; x_wconf 88' lang='lat' dir='ltr'><strong>lmmo</strong></span> <span class='ocrx_word' id='word_1_172' title='bbox 1032 2381 1057 2440; x_wconf 90' lang='lat' dir='ltr'><strong>si</strong></span> <span class='ocrx_word' id='word_1_173' title='bbox 1081 2378 1263 2458; x_wconf 81' lang='lat' dir='ltr'><strong>Xenophon,</strong></span> <span class='ocrx_word' id='word_1_174' title='bbox 1294 2389 1374 2459; x_wconf 91' lang='lat' dir='ltr'><strong>post-</strong></span> 
     </span>
     <span class='ocr_line' id='line_1_22' title="bbox 232 2487 1374 2569; baseline 0.001 -18"><span class='ocrx_word' id='word_1_175' title='bbox 232 2509 319 2569; x_wconf 88' lang='lat' dir='ltr'><strong>quam</strong></span> <span class='ocrx_word' id='word_1_176' title='bbox 348 2489 471 2551; x_wconf 79' lang='lat' dir='ltr'><strong>dixisset</strong></span> <span class='ocrx_word' id='word_1_177' title='bbox 498 2509 530 2551; x_wconf 88' lang='lat' dir='ltr'><strong>se</strong></span> <span class='ocrx_word' id='word_1_178' title='bbox 559 2489 633 2551; x_wconf 86' lang='lat' dir='ltr'><strong>velle</strong></span> <span class='ocrx_word' id='word_1_179' title='bbox 662 2489 829 2561; x_wconf 84' lang='lat' dir='ltr'><strong>Socratem,</strong></span> <span class='ocrx_word' id='word_1_180' title='bbox 859 2488 975 2568; x_wconf 89' lang='lat' dir='ltr'><strong>qualem</strong></span> <span class='ocrx_word' id='word_1_181' title='bbox 1003 2489 1033 2549; x_wconf 93' lang='lat' dir='ltr'><strong>in</strong></span> <span class='ocrx_word' id='word_1_182' title='bbox 1061 2487 1185 2550; x_wconf 88' lang='lat' dir='ltr'><strong>ludicris</strong></span> <span class='ocrx_word' id='word_1_183' title='bbox 1214 2509 1278 2552; x_wconf 88' lang='lat' dir='ltr'><strong>sese</strong></span> <span class='ocrx_word' id='word_1_184' title='bbox 1307 2511 1374 2568; x_wconf 83' lang='lat' dir='ltr'><strong>ges·</strong></span> 
     </span>
     <span class='ocr_line' id='line_1_23' title="bbox 231 2598 1373 2678; baseline -0.001 -16"><span class='ocrx_word' id='word_1_185' title='bbox 231 2603 332 2676; x_wconf 87' lang='lat' dir='ltr'><strong>sisset,</strong></span> <span class='ocrx_word' id='word_1_186' title='bbox 362 2599 548 2671; x_wconf 87' lang='lat' dir='ltr'><strong>describere,</strong></span> <span class='ocrx_word' id='word_1_187' title='bbox 578 2600 653 2660; x_wconf 78' lang='lat' dir='ltr'><strong>terta</strong></span> <span class='ocrx_word' id='word_1_188' title='bbox 681 2598 730 2662; x_wconf 88' lang='lat' dir='ltr'><strong>illa</strong></span> <span class='ocrx_word' id='word_1_189' title='bbox 753 2601 890 2662; x_wconf 86' lang='lat' dir='ltr'><strong>eiecisset</strong></span> <span class='ocrx_word' id='word_1_190' title='bbox 912 2601 1011 2660; x_wconf 85' lang='lat' dir='ltr'><strong>minus</strong></span> <span class='ocrx_word' id='word_1_191' title='bbox 1032 2600 1255 2678; x_wconf 78' lang='lat' dir='ltr'><strong>ingeniosorum</strong></span> <span class='ocrx_word' id='word_1_192' title='bbox 1279 2600 1373 2662; x_wconf 91' lang='lat' dir='ltr'><strong>homi-</strong></span> 
     </span>
     <span class='ocr_line' id='line_1_24' title="bbox 232 2708 1374 2790; baseline 0.001 -18"><span class='ocrx_word' id='word_1_193' title='bbox 232 2730 302 2772; x_wconf 92' lang='lat' dir='ltr'><strong>num</strong></span> <span class='ocrx_word' id='word_1_194' title='bbox 327 2708 560 2778; x_wconf 85' lang='lat' dir='ltr'><strong>oblectamenta,</strong></span> <span class='ocrx_word' id='word_1_195' title='bbox 590 2716 655 2770; x_wconf 92' lang='lat' dir='ltr'><strong>tum</strong></span> <span class='ocrx_word' id='word_1_196' title='bbox 683 2709 817 2780; x_wconf 90' lang='lat' dir='ltr'><strong>demum,</strong></span> <span class='ocrx_word' id='word_1_197' title='bbox 849 2711 970 2789; x_wconf 90' lang='lat' dir='ltr'><strong>opinor,</strong></span> <span class='ocrx_word' id='word_1_198' title='bbox 999 2709 1162 2772; x_wconf 86' lang='lat' dir='ltr'><strong>aPlatone</strong></span> <span class='ocrx_word' id='word_1_199' title='bbox 1192 2712 1374 2790; x_wconf 87' lang='lat' dir='ltr'><strong>vituperatus</strong></span> 
     </span>
     <span class='ocr_line' id='line_1_25' title="bbox 232 2819 1375 2898; baseline 0.003 -17"><span class='ocrx_word' id='word_1_200' title='bbox 232 2826 325 2888; x_wconf 88' lang='lat' dir='ltr'><strong>essct,</strong></span> <span class='ocrx_word' id='word_1_201' title='bbox 350 2819 428 2898; x_wconf 89' lang='lat' dir='ltr'><strong>quod</strong></span> <span class='ocrx_word' id='word_1_202' title='bbox 444 2819 555 2880; x_wconf 85' lang='lat' dir='ltr'><strong>laceret</strong></span> <span class='ocrx_word' id='word_1_203' title='bbox 570 2819 707 2898; x_wconf 90' lang='lat' dir='ltr'><strong>ineptius.</strong></span> <span class='ocrx_word' id='word_1_204' title='bbox 741 2819 848 2898; x_wconf 83' lang='lat' dir='ltr'><strong>Igitur,</strong></span> <span class='ocrx_word' id='word_1_205' title='bbox 872 2837 932 2897; x_wconf 87' lang='lat' dir='ltr'><strong>quo</strong></span> <span class='ocrx_word' id='word_1_206' title='bbox 954 2821 1053 2881; x_wconf 89' lang='lat' dir='ltr'><strong>minus</strong></span> <span class='ocrx_word' id='word_1_207' title='bbox 1067 2822 1097 2880; x_wconf 93' lang='lat' dir='ltr'><strong>in</strong></span> <span class='ocrx_word' id='word_1_208' title='bbox 1115 2820 1170 2882; x_wconf 89' lang='lat' dir='ltr'><strong>hac</strong></span> <span class='ocrx_word' id='word_1_209' title='bbox 1186 2841 1219 2883; x_wconf 87' lang='lat' dir='ltr'><strong>re</strong></span> <span class='ocrx_word' id='word_1_210' title='bbox 1234 2823 1375 2884; x_wconf 82' lang='lat' dir='ltr'><strong>simultati</strong></span> 
     </span>
     <span class='ocr_line' id='line_1_26' title="bbox 232 2928 1374 3010; baseline 0.004 -20"><span class='ocrx_word' id='word_1_211' title='bbox 232 2930 366 2991; x_wconf 86' lang='lat' dir='ltr'><strong>ridemus</strong></span> <span class='ocrx_word' id='word_1_212' title='bbox 389 2928 446 2990; x_wconf 90' lang='lat' dir='ltr'><strong>loci</strong></span> <span class='ocrx_word' id='word_1_213' title='bbox 468 2928 621 2998; x_wconf 88' lang='lat' dir='ltr'><strong>relictum,</strong></span> <span class='ocrx_word' id='word_1_214' title='bbox 652 2948 687 2989; x_wconf 92' lang='lat' dir='ltr'><strong>eo</strong></span> <span class='ocrx_word' id='word_1_215' title='bbox 714 2931 806 3009; x_wconf 91' lang='lat' dir='ltr'><strong>magis</strong></span> <span class='ocrx_word' id='word_1_216' title='bbox 833 2930 912 2992; x_wconf 91' lang='lat' dir='ltr'><strong>subit</strong></span> <span class='ocrx_word' id='word_1_217' title='bbox 933 2931 1051 2999; x_wconf 92' lang='lat' dir='ltr'><strong>mirari,</strong></span> <span class='ocrx_word' id='word_1_218' title='bbox 1081 2931 1151 3010; x_wconf 88' lang='lat' dir='ltr'><strong>quid</strong></span> <span class='ocrx_word' id='word_1_219' title='bbox 1175 2933 1213 2994; x_wconf 89' lang='lat' dir='ltr'><strong>sit</strong></span> <span class='ocrx_word' id='word_1_220' title='bbox 1235 2934 1313 3010; x_wconf 91' lang='lat' dir='ltr'><strong>quod</strong></span> <span class='ocrx_word' id='word_1_221' title='bbox 1338 2954 1374 2995; x_wconf 92' lang='lat' dir='ltr'><strong>ne</strong></span> 
     </span>
     <span class='ocr_line' id='line_1_27' title="bbox 187 3038 1373 3121; baseline 0.005 -23"><span class='ocrx_word' id='word_1_222' title='bbox 187 3051 219 3099; x_wconf 88' lang='lat'><strong>10</strong></span> <span class='ocrx_word' id='word_1_223' title='bbox 234 3041 413 3118; x_wconf 86' lang='lat' dir='ltr'><strong>Protagorae</strong></span> <span class='ocrx_word' id='word_1_224' title='bbox 447 3039 568 3119; x_wconf 87' lang='lat' dir='ltr'><strong>quidem</strong></span> <span class='ocrx_word' id='word_1_225' title='bbox 602 3038 690 3102; x_wconf 86' lang='lat' dir='ltr'><strong>verba</strong></span> <span class='ocrx_word' id='word_1_226' title='bbox 724 3039 761 3101; x_wconf 88' lang='lat' dir='ltr'><strong>ab</strong></span> <span class='ocrx_word' id='word_1_227' title='bbox 793 3040 921 3103; x_wconf 86' lang='lat' dir='ltr'><strong>invidiae</strong></span> <span class='ocrx_word' id='word_1_228' title='bbox 955 3043 1125 3121; x_wconf 87' lang='lat' dir='ltr'><strong>suspicione</strong></span> <span class='ocrx_word' id='word_1_229' title='bbox 1157 3042 1270 3104; x_wconf 85' lang='lat' dir='ltr'><strong>luerint</strong></span> <span class='ocrx_word' id='word_1_230' title='bbox 1302 3052 1373 3112; x_wconf 89' lang='lat' dir='ltr'><strong>tuta,</strong></span> 
     </span>
     <span class='ocr_line' id='line_1_28' title="bbox 234 3149 1373 3232; baseline 0.004 -23"><span class='ocrx_word' id='word_1_231' title='bbox 234 3149 340 3228; x_wconf 90' lang='lat' dir='ltr'><strong>quibus</strong></span> <span class='ocrx_word' id='word_1_232' title='bbox 362 3151 434 3229; x_wconf 89' lang='lat' dir='ltr'><strong>ipsis</strong></span> <span class='ocrx_word' id='word_1_233' title='bbox 457 3151 554 3212; x_wconf 86' lang='lat' dir='ltr'><strong>acrius</strong></span> <span class='ocrx_word' id='word_1_234' title='bbox 577 3151 665 3211; x_wconf 90' lang='lat' dir='ltr'><strong>etiam</strong></span> <span class='ocrx_word' id='word_1_235' title='bbox 688 3150 893 3232; x_wconf 90' lang='lat' dir='ltr'><strong>Xenophontis</strong></span> <span class='ocrx_word' id='word_1_236' title='bbox 916 3150 1049 3214; x_wconf 92' lang='lat' dir='ltr'><strong>libellum</strong></span> <span class='ocrx_word' id='word_1_237' title='bbox 1073 3154 1253 3231; x_wconf 71' lang='lat' dir='ltr'><strong>exagitatum</strong></span> <span class='ocrx_word' id='word_1_238' title='bbox 1276 3154 1373 3214; x_wconf 75' lang='lat' dir='ltr'><strong>alla·</strong></span> 
     </span>
     <span class='ocr_line' id='line_1_29' title="bbox 233 3257 1373 3344; baseline 0.004 -24"><span class='ocrx_word' id='word_1_239' title='bbox 233 3269 303 3321; x_wconf 87' lang='lat' dir='ltr'><strong>tone</strong></span> <span class='ocrx_word' id='word_1_240' title='bbox 325 3259 472 3321; x_wconf 90' lang='lat' dir='ltr'><strong>iudicabat</strong></span> <span class='ocrx_word' id='word_1_241' title='bbox 487 3259 634 3320; x_wconf 90' lang='lat' dir='ltr'><strong>lleusdius</strong></span> <span class='ocrx_word' id='word_1_242' title='bbox 644 3257 680 3340; x_wconf 89' lang='lat'><strong>¹),</strong></span> <span class='ocrx_word' id='word_1_243' title='bbox 703 3263 775 3322; x_wconf 88' lang='lat' dir='ltr'><strong>satis</strong></span> <span class='ocrx_word' id='word_1_244' title='bbox 790 3261 819 3321; x_wconf 90' lang='lat' dir='ltr'><strong>id</strong></span> <span class='ocrx_word' id='word_1_245' title='bbox 841 3261 962 3342; x_wconf 88' lang='lat' dir='ltr'><strong>quidem</strong></span> <span class='ocrx_word' id='word_1_246' title='bbox 977 3262 1211 3325; x_wconf 85' lang='lat' dir='ltr'><strong>inconsiderate:</strong></span> <span class='ocrx_word' id='word_1_247' title='bbox 1235 3265 1373 3344; x_wconf 88' lang='lat' dir='ltr'><strong>primum,</strong></span> 
     </span>
     <span class='ocr_line' id='line_1_30' title="bbox 234 3369 1374 3452; baseline 0.001 -18"><span class='ocrx_word' id='word_1_248' title='bbox 234 3371 313 3451; x_wconf 88' lang='lat' dir='ltr'><strong>quod</strong></span> <span class='ocrx_word' id='word_1_249' title='bbox 336 3369 481 3431; x_wconf 88' lang='lat' dir='ltr'><strong>eiusmodi</strong></span> <span class='ocrx_word' id='word_1_250' title='bbox 504 3371 651 3438; x_wconf 87' lang='lat' dir='ltr'><strong>convivia,</strong></span> <span class='ocrx_word' id='word_1_251' title='bbox 674 3371 711 3432; x_wconf 92' lang='lat' dir='ltr'><strong>de</strong></span> <span class='ocrx_word' id='word_1_252' title='bbox 734 3372 842 3452; x_wconf 89' lang='lat' dir='ltr'><strong>quihus</strong></span> <span class='ocrx_word' id='word_1_253' title='bbox 863 3390 962 3434; x_wconf 90' lang='lat' dir='ltr'><strong>sermo</strong></span> <span class='ocrx_word' id='word_1_254' title='bbox 985 3382 1029 3434; x_wconf 89' lang='lat' dir='ltr'><strong>est</strong></span> <span class='ocrx_word' id='word_1_255' title='bbox 1052 3375 1082 3433; x_wconf 92' lang='lat' dir='ltr'><strong>in</strong></span> <span class='ocrx_word' id='word_1_256' title='bbox 1103 3373 1274 3452; x_wconf 85' lang='lat' dir='ltr'><strong>Protagora,</strong></span> <span class='ocrx_word' id='word_1_257' title='bbox 1298 3378 1374 3435; x_wconf 89' lang='lat' dir='ltr'><strong>acci-</strong></span> 
     </span>
     <span class='ocr_line' id='line_1_31' title="bbox 233 3480 1375 3564; baseline 0.003 -21"><span class='ocrx_word' id='word_1_258' title='bbox 233 3480 344 3543; x_wconf 90' lang='lat' dir='ltr'><strong>debant</strong></span> <span class='ocrx_word' id='word_1_259' title='bbox 366 3480 513 3560; x_wconf 88' lang='lat' dir='ltr'><strong>quotidie,</strong></span> <span class='ocrx_word' id='word_1_260' title='bbox 542 3498 631 3558; x_wconf 89' lang='lat' dir='ltr'><strong>quac,</strong></span> <span class='ocrx_word' id='word_1_261' title='bbox 661 3501 715 3544; x_wconf 88' lang='lat' dir='ltr'><strong>cur</strong></span> <span class='ocrx_word' id='word_1_262' title='bbox 737 3482 819 3544; x_wconf 86' lang='lat' dir='ltr'><strong>Plato</strong></span> <span class='ocrx_word' id='word_1_263' title='bbox 842 3485 873 3544; x_wconf 92' lang='lat' dir='ltr'><strong>in</strong></span> <span class='ocrx_word' id='word_1_264' title='bbox 896 3484 994 3545; x_wconf 88' lang='lat' dir='ltr'><strong>animo</strong></span> <span class='ocrx_word' id='word_1_265' title='bbox 1017 3482 1129 3544; x_wconf 89' lang='lat' dir='ltr'><strong>habere</strong></span> <span class='ocrx_word' id='word_1_266' title='bbox 1155 3502 1214 3545; x_wconf 91' lang='lat' dir='ltr'><strong>noo</strong></span> <span class='ocrx_word' id='word_1_267' title='bbox 1238 3489 1375 3564; x_wconf 87' lang='lat' dir='ltr'><strong>potuerit,</strong></span> 
     </span>
     <span class='ocr_line' id='line_1_32' title="bbox 233 3590 1374 3677; baseline 0.004 -25"><span class='ocrx_word' id='word_1_268' title='bbox 233 3591 279 3653; x_wconf 87' lang='lat' dir='ltr'><strong>vel</strong></span> <span class='ocrx_word' id='word_1_269' title='bbox 308 3590 386 3653; x_wconf 90' lang='lat' dir='ltr'><strong>nulla</strong></span> <span class='ocrx_word' id='word_1_270' title='bbox 409 3590 617 3670; x_wconf 89' lang='lat' dir='ltr'><strong>Xenophontei</strong></span> <span class='ocrx_word' id='word_1_271' title='bbox 641 3591 741 3654; x_wconf 87' lang='lat' dir='ltr'><strong>habita</strong></span> <span class='ocrx_word' id='word_1_272' title='bbox 764 3598 894 3663; x_wconf 88' lang='lat' dir='ltr'><strong>ratione,</strong></span> <span class='ocrx_word' id='word_1_273' title='bbox 927 3592 998 3654; x_wconf 86' lang='lat' dir='ltr'><strong>nihil</strong></span> <span class='ocrx_word' id='word_1_274' title='bbox 1022 3602 1078 3664; x_wconf 88' lang='lat' dir='ltr'><strong>est,</strong></span> <span class='ocrx_word' id='word_1_275' title='bbox 1110 3594 1188 3672; x_wconf 91' lang='lat' dir='ltr'><strong>quod</strong></span> <span class='ocrx_word' id='word_1_276' title='bbox 1218 3595 1374 3677; x_wconf 75' lang='lat' dir='ltr'><strong>statuas²lz</strong></span> 
     </span>
     <span class='ocr_line' id='line_1_33' title="bbox 233 3700 1376 3782; baseline 0.004 -19"><span class='ocrx_word' id='word_1_277' title='bbox 233 3701 341 3763; x_wconf 90' lang='lat' dir='ltr'><strong>deinde</strong></span> <span class='ocrx_word' id='word_1_278' title='bbox 370 3700 449 3780; x_wconf 89' lang='lat' dir='ltr'><strong>quod</strong></span> <span class='ocrx_word' id='word_1_279' title='bbox 478 3719 569 3762; x_wconf 80' lang='lat' dir='ltr'><strong>vanae</strong></span> <span class='ocrx_word' id='word_1_280' title='bbox 599 3711 669 3764; x_wconf 86' lang='lat' dir='ltr'><strong>suut</strong></span> <span class='ocrx_word' id='word_1_281' title='bbox 694 3705 779 3765; x_wconf 87' lang='lat' dir='ltr'><strong>istius</strong></span> <span class='ocrx_word' id='word_1_282' title='bbox 807 3705 927 3782; x_wconf 86' lang='lat' dir='ltr'><strong>generis</strong></span> <span class='ocrx_word' id='word_1_283' title='bbox 955 3707 1144 3766; x_wconf 88' lang='lat' dir='ltr'><strong>coniecturae</strong></span> <span class='ocrx_word' id='word_1_284' title='bbox 1171 3725 1289 3778; x_wconf 89' lang='lat' dir='ltr'><strong>omncs,</strong></span> <span class='ocrx_word' id='word_1_285' title='bbox 1320 3711 1376 3768; x_wconf 77' lang='lat' dir='ltr'><strong>uisi</strong></span> 
     </span>
     <span class='ocr_line' id='line_1_34' title="bbox 235 3804 1375 3897; baseline 0.005 -25"><span class='ocrx_word' id='word_1_286' title='bbox 235 3831 270 3872; x_wconf 82' lang='lat' dir='ltr'><strong>ex</strong></span> <span class='ocrx_word' id='word_1_287' title='bbox 293 3820 461 3892; x_wconf 91' lang='lat' dir='ltr'><strong>temporum</strong></span> <span class='ocrx_word' id='word_1_288' title='bbox 479 3813 628 3873; x_wconf 89' lang='lat' dir='ltr'><strong>notatione</strong></span> <span class='ocrx_word' id='word_1_289' title='bbox 651 3815 734 3893; x_wconf 91' lang='lat' dir='ltr'><strong>prius</strong></span> <span class='ocrx_word' id='word_1_290' title='bbox 750 3804 1001 3877; x_wconf 84' lang='lat' dir='ltr'><strong>demonstraveris</strong></span> <span class='ocrx_word' id='word_1_291' title='bbox 1015 3817 1079 3876; x_wconf 90' lang='lat' dir='ltr'><strong>lieri</strong></span> <span class='ocrx_word' id='word_1_292' title='bbox 1097 3818 1218 3877; x_wconf 91' lang='lat' dir='ltr'><strong>omniuo</strong></span> <span class='ocrx_word' id='word_1_293' title='bbox 1233 3820 1375 3897; x_wconf 88' lang='lat' dir='ltr'><strong>potuisse,</strong></span> 
     </span>
     <span class='ocr_line' id='line_1_35' title="bbox 235 3921 1377 4004; baseline 0.007 -23"><span class='ocrx_word' id='word_1_294' title='bbox 235 3928 266 3981; x_wconf 91' lang='lat' dir='ltr'><strong>ut</strong></span> <span class='ocrx_word' id='word_1_295' title='bbox 288 3921 362 3982; x_wconf 88' lang='lat' dir='ltr'><strong>alter</strong></span> <span class='ocrx_word' id='word_1_296' title='bbox 385 3922 422 3982; x_wconf 91' lang='lat' dir='ltr'><strong>sit</strong></span> <span class='ocrx_word' id='word_1_297' title='bbox 444 3921 482 3982; x_wconf 93' lang='lat' dir='ltr'><strong>ab</strong></span> <span class='ocrx_word' id='word_1_298' title='bbox 504 3921 597 3984; x_wconf 88' lang='lat' dir='ltr'><strong>altero</strong></span> <span class='ocrx_word' id='word_1_299' title='bbox 620 3925 744 4004; x_wconf 82' lang='lat' dir='ltr'><strong>petitus:</strong></span> <span class='ocrx_word' id='word_1_300' title='bbox 773 3925 831 3985; x_wconf 90' lang='lat' dir='ltr'><strong>hoc</strong></span> <span class='ocrx_word' id='word_1_301' title='bbox 858 3943 930 3985; x_wconf 80' lang='lat' dir='ltr'><strong>vero</strong></span> <span class='ocrx_word' id='word_1_302' title='bbox 953 3932 1065 3987; x_wconf 87' lang='lat' dir='ltr'><strong>tautum</strong></span> <span class='ocrx_word' id='word_1_303' title='bbox 1089 3925 1186 4003; x_wconf 86' lang='lat' dir='ltr'><strong>abest,</strong></span> <span class='ocrx_word' id='word_1_304' title='bbox 1216 3936 1248 3988; x_wconf 94' lang='lat' dir='ltr'><strong>ut</strong></span> <span class='ocrx_word' id='word_1_305' title='bbox 1275 3928 1377 3989; x_wconf 89' lang='lat' dir='ltr'><strong>doceri</strong></span> 
     </span>
     <span class='ocr_line' id='line_1_36' title="bbox 235 4034 1377 4116; baseline 0.009 -25"><span class='ocrx_word' id='word_1_306' title='bbox 235 4034 327 4111; x_wconf 89' lang='lat' dir='ltr'><strong>possit</strong></span> <span class='ocrx_word' id='word_1_307' title='bbox 355 4050 499 4111; x_wconf 85' lang='lat' dir='ltr'><strong>unquam,</strong></span> <span class='ocrx_word' id='word_1_308' title='bbox 530 4040 562 4094; x_wconf 89' lang='lat' dir='ltr'><strong>ut</strong></span> <span class='ocrx_word' id='word_1_309' title='bbox 590 4035 678 4096; x_wconf 90' lang='lat' dir='ltr'><strong>etiam</strong></span> <span class='ocrx_word' id='word_1_310' title='bbox 706 4035 817 4097; x_wconf 87' lang='lat' dir='ltr'><strong>lactum</strong></span> <span class='ocrx_word' id='word_1_311' title='bbox 846 4052 910 4097; x_wconf 88' lang='lat' dir='ltr'><strong>esse</strong></span> <span class='ocrx_word' id='word_1_312' title='bbox 938 4055 997 4096; x_wconf 90' lang='lat' dir='ltr'><strong>non</strong></span> <span class='ocrx_word' id='word_1_313' title='bbox 1026 4054 1113 4116; x_wconf 92' lang='lat' dir='ltr'><strong>posse</strong></span> <span class='ocrx_word' id='word_1_314' title='bbox 1141 4038 1271 4100; x_wconf 90' lang='lat' dir='ltr'><strong>rationes</strong></span> <span class='ocrx_word' id='word_1_315' title='bbox 1298 4041 1377 4101; x_wconf 87' lang='lat' dir='ltr'><strong>eviu-</strong></span> 
     </span>
    </p>
   </div>
   <div class='ocr_carea' id='block_1_4' title="bbox 236 4196 460 4203">
    <p class='ocr_par' dir='ltr' id='par_1_4' title="bbox 236 4196 460 4203">
     <span class='ocr_line' id='line_1_37' title="bbox 236 4196 460 4203; baseline 0 -2"><span class='ocrx_word' id='word_1_316' title='bbox 236 4196 460 4203; x_wconf 49' lang='lat' dir='ltr'><strong>*u.-„„-</strong></span> 
     </span>
    </p>
   </div>
   <div class='ocr_carea' id='block_1_5' title="bbox 302 4293 854 4447">
    <p class='ocr_par' dir='ltr' id='par_1_5' title="bbox 302 4293 854 4447">
     <span class='ocr_line' id='line_1_38' title="bbox 305 4293 754 4362; baseline 0.011 -18"><span class='ocrx_word' id='word_1_317' title='bbox 305 4293 330 4357; x_wconf 86' lang='lat'><strong>1)</strong></span> <span class='ocrx_word' id='word_1_318' title='bbox 348 4294 430 4360; x_wconf 80' lang='lat' dir='ltr'><strong>Spec.</strong></span> <span class='ocrx_word' id='word_1_319' title='bbox 450 4296 511 4345; x_wconf 89' lang='lat' dir='ltr'><strong>crit.</strong></span> <span class='ocrx_word' id='word_1_320' title='bbox 531 4296 559 4344; x_wconf 88' lang='lat' dir='ltr'><strong>in</strong></span> <span class='ocrx_word' id='word_1_321' title='bbox 577 4296 649 4349; x_wconf 78' lang='lat' dir='ltr'><strong>Plat.</strong></span> <span class='ocrx_word' id='word_1_322' title='bbox 668 4314 693 4362; x_wconf 89' lang='lat' dir='ltr'><strong>p.</strong></span> <span class='ocrx_word' id='word_1_323' title='bbox 714 4299 754 4349; x_wconf 77' lang='lat' dir='ltr'><strong>ta.</strong></span> 
     </span>
     <span class='ocr_line' id='line_1_39' title="bbox 302 4378 854 4447; baseline 0.009 -18"><span class='ocrx_word' id='word_1_324' title='bbox 302 4378 329 4444; x_wconf 76' lang='lat'><strong>2)</strong></span> <span class='ocrx_word' id='word_1_325' title='bbox 348 4379 380 4432; x_wconf 92' lang='lat' dir='ltr'><strong>V.</strong></span> <span class='ocrx_word' id='word_1_326' title='bbox 399 4379 543 4431; x_wconf 77' lang='lat' dir='ltr'><strong>Heindorf.</strong></span> <span class='ocrx_word' id='word_1_327' title='bbox 562 4379 598 4429; x_wconf 84' lang='lat' dir='ltr'><strong>ad</strong></span> <span class='ocrx_word' id='word_1_328' title='bbox 615 4381 729 4447; x_wconf 82' lang='lat' dir='ltr'><strong>Protug.</strong></span> <span class='ocrx_word' id='word_1_329' title='bbox 749 4397 776 4447; x_wconf 91' lang='lat' dir='ltr'><strong>p.</strong></span> <span class='ocrx_word' id='word_1_330' title='bbox 795 4384 854 4434; x_wconf 83' lang='lat'>601.</span> 
     </span>
    </p>
   </div>
   <div class='ocr_carea' id='block_1_6' title="bbox 0 0 1448 4912">
    <p class='ocr_par' dir='ltr' id='par_1_6' title="bbox 0 0 1448 4912">
     <span class='ocr_line' id='line_1_40' title="bbox 0 0 1448 4912; baseline 0 0"><span class='ocrx_word' id='word_1_331' title='bbox 0 0 1448 4912; x_wconf 95' lang='lat' dir='ltr'><strong> </strong></span> 
     </span>
    </p>
   </div>
  </div>
 </body>
</html>
