2866 4912
668 118 756 245 ο22

117 403 151 452 24
166 417 233 458 cnm
256 397 357 465 laude,
382 397 448 474 quia
472 394 601 454 Platonis
622 395 714 472 gratia
738 403 767 454 et
783 393 949 454 Charniidis
972 393 1109 454 Socrates
1128 392 1322 454 Glauconem

165 506 201 566 ah
225 509 268 568 rei
291 507 428 587 publicae
451 506 706 566 administratione
730 505 836 565 dicitur
859 505 1018 565 retraxisse
1032 501 1062 582 ¹).

251 618 309 678 lam
333 637 402 678 vero
425 634 499 694 quae
522 615 558 675 de
576 618 714 677 Menoeis
731 614 863 676 moribus
886 634 901 674 a
921 612 1043 675 Platone
1065 633 1099 675 ac
1113 613 1322 694 Xenophonte

165 730 244 790 varie
267 727 422 789 delineatis
445 726 597 796 dicuntur,
627 745 659 786 ea
689 726 776 806 plane
798 732 868 786 sunt
890 727 1053 804 nugatoria.
1097 725 1151 785 llic
1177 727 1211 785 in
1235 727 1320 786 Ana-

165 836 257 918 basi²l
290 837 447 899 subdolum
482 846 511 897 et
547 836 692 897 abiectum
729 835 857 897 hominis
889 835 988 914 prodit
1019 838 1163 897 animum:
1199 834 1253 896 ille
1288 838 1320 898 in

165 951 336 1026 cognomini
359 947 476 1025 dialogo
499 947 539 1007 ita
561 947 702 1016 institnit,
731 957 764 1007 ut
793 946 836 1006 vel
859 949 889 1006 in
913 946 1100 1008 adolescente
1121 945 1258 1008 insolens
1283 967 1320 1008 ac

165 1058 328 1139 superbum
352 1059 484 1119 eluceret
505 1058 670 1136 ingenium,
695 1076 749 1119 nec
772 1065 876 1118 natura
900 1058 1042 1137 optimum
1066 1064 1095 1116 et
1117 1055 1153 1116 ah
1173 1058 1320 1138 improbo

166 1170 307 1247 magistro
329 1169 438 1247 Gorgia
460 1167 595 1248 improbe
619 1168 782 1236 eruditum;
813 1185 909 1248 neque
937 1186 1005 1228 eum
1029 1166 1143 1236 laudat,
1173 1175 1207 1228 ut
1235 1166 1320 1231 binis

166 1279 238 1340 locis
261 1286 344 1356 putat
365 1275 577 1358 Athenaeus3),
607 1278 659 1339 sed
687 1296 742 1357 per
763 1286 857 1339 totum
880 1276 988 1338 librum
1015 1278 1121 1340 irridet
1142 1296 1177 1339 ao
1199 1277 1322 1341 deludit

167 1389 361 1458 facetissime,
385 1407 419 1448 ac
441 1407 546 1469 parum
562 1398 643 1450 cerie
658 1388 821 1449 honorilice
836 1390 931 1468 Anyto
946 1389 1055 1467 iungit,
1079 1389 1210 1449 Socratis
1227 1408 1320 1451 aecu-

166 1501 258 1560 satori
280 1498 417 1560 omnibus
445 1498 533 1560 huius
561 1498 682 1560 asseclis
710 1518 810 1560 exoso.
856 1499 892 1560 Et
914 1499 983 1576 quid
1009 1497 1174 1561 iudicemus
1195 1500 1234 1560 de
1258 1501 1319 1562 lla·

167 1607 302 1688 eierio⁴),
327 1612 377 1690 qui
399 1607 463 1670 solo
478 1609 608 1670 Platonis
630 1610 697 1670 odio
720 1609 951 1689 aXenophonte
974 1609 1111 1671 acerbius
1134 1611 1319 1686 exagitatum

168 1721 401 1781 comminiscitur
423 1720 594 1788 Menonem,
624 1739 640 1780 a
663 1719 857 1800 Xenophonte
880 1722 1015 1797 inquam,
1045 1739 1104 1800 qno
1127 1738 1187 1781 non
1210 1722 1318 1782 eandi-

167 1830 447 1900 dioremanimam,
475 1849 535 1891 non
562 1832 606 1890 ira
629 1848 680 1892 seu
701 1831 799 1892 studio
821 1833 919 1892 minus
941 1839 1134 1900 commotam,
1164 1848 1225 1891 non
1254 1833 1320 1894 sin-

169 1943 331 2011 ceriorem,
355 1959 414 2001 non
438 1940 664 2012 modestiorem,
689 1960 748 2002 non
766 1944 997 2003 constantiorem
1019 1950 1100 2003 terra
1122 1940 1204 2002 inliti
1228 1943 1320 2005 Cete-

167 2068 234 2110 rum
257 2049 357 2112 licebit
380 2050 532 2126 dubitare,
558 2060 658 2112 utrum
680 2051 865 2113 Platonicum
889 2053 1046 2113 lienonem
1075 2061 1143 2113 ante
1169 2053 1319 2133 scriptam

167 2159 315 2222 dnahasin
342 2159 448 2240 legerit
474 2160 655 2242 Xenophon,
690 2181 726 2224 an
757 2160 844 2224 liuius
873 2162 1095 2243 Expeditionem
1129 2163 1195 2242 Cyri
1228 2164 1319 2225 Plato

168 2279 237 2333 ante
260 2270 372 2333 editum
394 2272 562 2334 Menonem.
592 2271 678 2334 lieno
700 2271 833 2352 dialogus
855 2291 914 2333 non
938 2272 1048 2353 prodiit
1070 2280 1138 2334 ante
1153 2272 1198 2334 Ol.
1214 2273 1317 2347 XCVI,

167 2379 233 2459 3⁵).
264 2398 352 2459 quum
382 2382 492 2443 dudum
521 2381 598 2463 apud
621 2384 727 2445 Persas
755 2383 944 2445 occubuisset
965 2381 1140 2445 Thessalus:
1171 2383 1320 2447 dnahasis

168 2491 312 2554 Scillunle
334 2495 444 2573 scripta
474 2501 542 2572 post
563 2494 689 2572 Agesilai
717 2493 845 2554 reditum
870 2491 1039 2572 eiiciat),
1067 2495 1215 2556 incertum
1242 2504 1320 2576 quot

168 2605 268 2664 annis:
297 2605 354 2664 nisi
385 2602 464 2681 quod
492 2611 561 2664 ante
588 2603 739 2665 Helleniea
769 2604 877 2664 editam
906 2621 971 2665 esse
999 2603 1095 2666 habeo
1129 2623 1317 2685 persuasum,

169 2712 259 2792 idque
282 2730 318 2772 ex
340 2731 376 2774 eo
400 2711 478 2781 loeo,
503 2731 537 2774 ex
562 2731 620 2791 quo
643 2712 730 2791 vulgo
753 2717 901 2776 contraria
923 2713 1069 2794 colligitur
1084 2718 1238 2787 sententia,
1263 2717 1319 2778 uhi

121 2833 155 2882 25
171 2820 335 2901 Xenophon
358 2821 580 2901 Themislogeni
602 2823 762 2902 Syracusio
784 2824 1001 2904 expeditionem
1024 2825 1091 2906 Cyri
1119 2825 1192 2887 dicit
1212 2845 1317 2888 narra·

169 2940 230 2992 tam
253 2929 359 3010 esse7).
390 2931 502 3005 Quodsi
525 2951 590 2994 com
606 2933 689 2994 lloro
712 2912 836 3012 aliisque
858 2943 927 3015 post
947 2934 1097 2997 Helleniea
1121 2937 1317 3016 compositam

170 3041 318 3104 Aoahasin
341 3061 477 3115 censeas,
500 3053 563 3105 tum
586 3062 708 3105 necesse
732 3053 777 3105 est
798 3052 865 3125 post
879 3044 925 3107 oi.
943 3042 1036 3115 CV,4
1057 3047 1094 3107 sit
1116 3046 1193 3108 edita
1201 3044 1234 3126 ⁸),
1258 3049 1319 3109 hoc

238 3278 265 3344 1)
283 3283 351 3333 Rem
368 3296 534 3347 perspexere
552 3282 694 3348 Fraguier.
712 3280 731 3337 l,
751 3298 774 3332 e.
792 3299 817 3348 p.
831 3284 864 3354 66
881 3287 911 3335 et
927 3283 1120 3350 Hindenburg.
1139 3283 1158 3337 l.
1176 3299 1200 3337 e.
1214 3300 1240 3349 p.
1256 3288 1317 3339 138.

238 3366 265 3430 2)
283 3366 325 3428 11,
345 3370 373 3425 6,
392 3368 424 3416 21
443 3380 503 3431 sqq.

237 3450 265 3515 ³)
284 3452 400 3502 Praeter
421 3450 511 3503 locum
533 3467 617 3517 supra
635 3449 673 3517 [p.
691 3452 707 3501 6
724 3473 757 3494 =
775 3451 802 3518 4]
827 3452 943 3503 allatum
966 3452 1014 3504 lib.
1032 3452 1085 3516 XI,
1108 3470 1134 3519 p.
1155 3457 1204 3505 666
1226 3454 1258 3507 l.
1283 3448 1318 3508 ἐν

170 3530 203 3588 dl
226 3534 264 3606 τῷ
283 3530 400 3588 Μένωνι
419 3531 470 3586 καὶ
488 3527 554 3596 σούς
576 3535 726 3603 μεγίστους
743 3527 813 3603 παρ’
834 3527 998 3605 Ἀθηναίοις
1016 3533 1189 3604 γενομένους
1213 3537 1316 3602 (κακο-

170 3618 275 3686 λογεῖ),
290 3611 464 3686 Ἀριστείδην
481 3617 531 3672 καὶ
550 3616 757 3685 Θεμιστοκλέα·
776 3617 904 3673 Μένωνα
922 3617 954 3673 dl
973 3613 1091 3674 ἐπαινεῖ
1106 3615 1157 3674 cdv
1171 3612 1317 3683 σούςἝλ-

170 3707 258 3771 larvae
275 3693 429 3771 προδόντα.

237 3789 263 3850 4)
282 3788 300 3841 1.
318 3804 341 3841 o.
360 3804 385 3853 p.
405 3791 462 3842 113.

237 3873 264 3938 6)
284 3874 316 3924 V.
335 3871 369 3923 ed
387 3873 462 3924 Plet.
481 3875 547 3926 Min.
562 3877 590 3925 ei
601 3870 686 3942 Legg.
704 3892 730 3943 p.
743 3877 777 3927 46
789 3877 850 3930 coll.
865 3877 1023 3930 Schneider.
1043 3876 1171 3930 Chronol.
1190 3878 1316 3946 Xenoph.

170 3974 196 4023 p.
214 3960 255 4010 26.
284 3958 353 4008 Tum
371 3957 402 4008 in
419 3959 546 4009 Menenia
563 3963 685 4029 tempore
702 3966 760 4012 tum
778 3963 807 4011 in
824 3961 972 4013 Menexeni
990 3961 1144 4013 deliniendo
1162 3963 1255 4028 lapsus
1274 3972 1319 4017 est

170 4044 383 4094 Tennemennus
400 4049 495 4094 noster
511 4043 584 4109 Syet.
603 4046 703 4111 philos.
722 4047 795 4098 Plet.
814 4048 846 4100 T.
863 4046 891 4110 Ι,
911 4063 937 4112 p.
957 4049 1014 4097 121.

239 4129 265 4193 6)
283 4128 316 4182 V.
336 4127 494 4180 schneider.
512 4129 530 4179 l.
550 4146 572 4184 o⁴
592 4148 617 4197 p.
636 4133 669 4184 28
688 4137 717 4182 et
734 4131 770 4182 ed
787 4132 909 4183 Anabes.
929 4133 962 4197 V,
982 4135 1010 4196 3,
1029 4134 1054 4184 8.

239 4209 347 4280 '1)Vid.
366 4213 469 4264 dehoc
487 4229 517 4264 ro
536 4214 658 4267 Schulaii
677 4216 743 4266 diss.
763 4215 796 4266 da
811 4216 1000 4284 Cyropaedioe
1019 4217 1129 4286 epilogo
1148 4235 1174 4284 p.
1193 4221 1225 4270 29
1244 4235 1318 4286 sqq„

172 4298 219 4348 uhi
236 4314 271 4350 ex
288 4315 349 4350 meo
366 4314 477 4365 prorsus
495 4299 652 4363 disputetur
665 4301 820 4352 ’sententian

239 4384 265 4450 8)
285 4386 316 4436 V.
335 4383 497 4437 Schneider.
516 4384 608 4438 Praei.
627 4384 736 4437 Hellen.
755 4401 781 4452 p.
801 4384 850 4438 XI.
