2866 4912
669 247 713 340 3}
739 335 765 339 -

128 456 263 514 maxime.
295 453 402 523 Quidni
427 455 505 514 enim
529 454 667 514 divinitus
689 471 755 513 esse
778 451 865 512 datus
887 451 1021 511 videatur
1043 450 1094 511 lllc
1117 453 1189 522 Rex,
1213 469 1270 530 qno

127 584 186 626 non
210 566 396 644 aequiorem,
411 583 486 625 .non
509 566 703 634 sanctiorem,
733 580 792 623 non
821 564 850 621 in
874 561 1013 622 secundis
1041 559 1131 622 rebus
1159 571 1270 640 tempe-

128 673 307 745 rantiorem,
331 693 389 736 non
413 677 443 734 in
458 673 585 754 publicis
601 675 828 751 domesticisque
844 671 929 732 malis
946 673 1187 740 constantiorem,
1210 690 1270 732 non

127 804 265 856 suorum,
290 804 349 846 non
373 785 480 846 civium
503 787 697 847 amantiorem
721 793 835 846 consini
858 784 947 845 luisse
971 784 1166 862 quemquami
1193 781 1270 852 Quid

128 914 197 957 vero
220 896 257 957 dc
272 895 352 957 lllius
369 896 610 967 mansuetudine,
634 896 672 956 de
693 897 817 975 pietate,
841 893 878 955 de
893 894 1052 964 modestia,
1076 894 1113 954 ds
1133 893 1270 954 lacilitato
1343 901 1346 908 '

128 1007 274 1077 dicamus,
303 1008 353 1086 qui
382 1009 493 1086 regiam
517 1006 689 1087 dignitatem
718 1025 785 1067 oum
813 1005 942 1066 bominis
971 1003 1129 1065 virtutibus
1156 1004 1271 1064 noverit

128 1118 325 1196 coniungere,
358 1119 602 1198 maiestatemque
634 1125 779 1198 temperet
806 1115 1014 1196 simplicitate?
1050 1116 1100 1193 qui
1134 1113 1205 1174 nihil
1239 1114 1269 1173 in

128 1229 199 1297 vita,
224 1228 297 1289 nibil
312 1229 342 1288 in
359 1228 589 1291 administranda
607 1227 771 1309 republica
787 1226 892 1288 babeat
909 1227 1057 1304 antiquius
1072 1241 1160 1302 quarn
1177 1223 1270 1283 hone·

128 1346 242 1409 statem,
259 1357 346 1419 quam
364 1358 478 1410 eorum,
495 1341 544 1420 qui
559 1359 613 1401 suo
628 1346 732 1419 parent
748 1338 881 1419 imperio,
906 1336 1138 1417 prosperitates?
1161 1332 1270 1405 Quidni

128 1449 268 1510 divinitus
290 1450 390 1512 datum
413 1468 589 1511 censeamus
611 1449 713 1519 lllum,
740 1451 792 1530 qui
814 1448 934 1518 litteris,
963 1449 1059 1508 omnis
1081 1444 1270 1507 humanitatis

127 1559 316 1639 parentibus,
341 1578 399 1621 non
423 1561 511 1622 miodo
534 1561 668 1630 tuendis,
692 1560 745 1622 sed
768 1558 953 1622 stabiliendis
976 1565 1062 1619 natus
1085 1575 1149 1618 esse
1173 1556 1269 1615 videa·

128 1672 195 1731 tur?
228 1671 320 1732 Nobis
342 1688 460 1750 quoque
484 1673 694 1763 FRtDutttcvs
712 1673 912 1732 vanbrtvs
935 1668 1052 1729 condita
1076 1668 1131 1728 bae
1154 1665 1269 1726 selrola·

128 1798 193 1842 rum
221 1782 417 1844 Universitate
446 1782 520 1843 haec
548 1784 618 1844 lecit
646 1784 717 1852 otia,
752 1781 861 1862 quibus
890 1787 972 1842 reete
1000 1776 1180 1841 collocandis
1209 1785 1269 1836 turn

127 1893 240 1971 patriae
262 1900 323 1953 tum
346 1892 540 1973 reipublicae
556 1893 731 1964 litterariae,
754 1902 897 1972 quantum
918 1893 949 1952 in
966 1890 1051 1951 nobis
1067 1897 1153 1960 esset,
1177 1888 1268 1948 maxi·
1284 1887 1317 1938 35

128 2021 193 2063 mas
214 2004 389 2065 afferremus
413 2004 566 2075 utilitates,
597 2004 802 2084 bonarumque
830 2005 938 2065 artium
965 2001 1066 2063 sedern
1097 2018 1155 2061 non
1181 1997 1270 2059 modo

128 2114 157 2173 in
181 2115 262 2191 regia
285 2113 374 2185 urbe,
404 2114 456 2176 sed
484 2117 515 2175 in
544 2116 634 2194 regiis
662 2116 750 2176 etiam
778 2113 902 2175 aedibus
929 2131 1043 2175 summa
1071 2110 1270 2172 munificentia

128 2225 300 2303 nuperrime
323 2224 440 2286 donatis
461 2227 666 2293 constitutam,
693 2223 827 2286 doctrina
851 2234 880 2285 et
900 2225 1021 2302 scriptis
1042 2221 1268 2283 illustraremus.
1387 2204 1388 2207 ¹

110 2375 113 2381 -
214 2334 397 2411 Quamquam
421 2342 519 2395 autem
549 2354 609 2396 non
637 2353 744 2395 norum
775 2334 831 2395 lroc
854 2334 924 2394 lacit
947 2333 1008 2393 Rex
1031 2340 1132 2393 noster
1153 2331 1269 2409 saplen-

130 2442 276 2512 tlssimus,
305 2442 356 2504 sed
385 2461 421 2503 ex
449 2461 533 2505 more
560 2446 765 2524 magnanimae
792 2462 864 2506 suae
893 2444 1011 2523 stirpis,
1046 2452 1143 2504 tamen
1172 2438 1271 2500 nullus

129 2553 272 2614 malornm
291 2551 405 2615 litteras
423 2560 468 2613 tot
482 2554 580 2615 allecit
595 2553 762 2625 benellciis,
780 2562 823 2616 tot
838 2556 954 2615 ornavit
968 2553 1117 2633 praemiis,
1134 2558 1177 2612 tot
1192 2550 1272 2611 auxit

129 2665 256 2742 egregiis
278 2670 368 2744 atque
391 2663 512 2726 utilibus
540 2666 698 2742 institutis,
729 2673 801 2745 quot
822 2665 1033 2726 Futntttttcvs
1057 2663 1272 2724 lebtttntvs,

128 2773 244 2862 Primus
267 2775 296 2834 in
325 2774 380 2834 bac
407 2784 495 2852 gente
517 2774 702 2837 condendam
731 2774 898 2838 studiorum
920 2775 1146 2836 Universitatem
1170 2789 1270 2834 susce·

127 2892 212 2963 perat
233 2885 367 2946 Ioannes
382 2886 518 2968 Elector,
541 2885 580 2947 ob
603 2886 748 2948 eruditam
772 2885 969 2966 eloquentiam
987 2885 1139 2948 Ciceronis
1161 2901 1270 2944 nomen

128 3002 313 3065 consecutus,
334 2996 394 3075 qui,
416 2996 535 3058 saeculo
554 2999 658 3078 quinto
677 2995 792 3059 decimo
809 3005 935 3058 exeunte
953 2995 990 3058 ab
1009 2994 1177 3057 Alexandro
1191 2994 1269 3055 l‘on·

128 3106 206 3167 tifice
227 3107 384 3184 impetrata
407 3110 508 3178 venia,
538 3109 596 3169 nisi
624 3115 720 3168 morte
747 3116 925 3187 praeventus
952 3109 1071 3177 luisset,
1099 3104 1172 3166 illud
1201 3122 1268 3166 exe·

127 3217 219 3294 gisset
240 3227 481 3289 monumentum,
511 3219 590 3296 quod
613 3218 737 3298 posthac
758 3217 815 3279 sibi
838 3220 936 3297 exegit
957 3219 1143 3291 locelinus,
1177 3215 1270 3295 patris

128 3345 298 3398 successor,
322 3328 490 3391 academiae
514 3328 672 3391 viadrlnae
694 3336 807 3391 auctor.
845 3331 939 3401 Quam
962 3347 1052 3408 quum
1076 3345 1153 3388 anno
1176 3324 1269 3386 mille-

128 3437 204 3498 simo
226 3439 465 3519 quingentesimo
488 3448 570 3501 sexto
585 3439 737 3501 dedicaret
751 3439 933 3509 loacbimus,
957 3441 1112 3501 comitatus
1136 3454 1203 3498 eum
1227 3442 1273 3496 est

127 3548 220 3610 irater
242 3551 395 3625 albertus,
424 3549 548 3631 posthac
576 3551 827 3629 Arcdiepa‘scopus
849 3553 1044 3626 Mogontiaco
1069 3567 1108 3610 ac
1135 3547 1271 3622 Μαράθ-

127 3660 297 3735 burgensis,
323 3660 406 3720 Sacri
421 3661 546 3722 Romani
569 3660 688 3740 lmperii
704 3662 817 3723 Primos
839 3669 869 3722 et
891 3660 1016 3729 Elector,
1041 3679 1074 3721 ac
1097 3655 1269 3725 Cardinalis,

128 3770 177 3848 qui
201 3771 316 3848 etipse
339 3768 507 3832 incredibili
530 3769 695 3834 litterarum
711 3773 842 3852 llagrans
863 3789 965 3833 amore
981 3788 1015 3832 ea
1037 3788 1071 3831 re
1085 3786 1181 3848 usque
1196 3764 1270 3828 adeo

75 3928 78 3933 .
127 3888 293 3941 commotus
323 3889 382 3951 est,
413 3890 445 3942 ut
473 3881 511 3943 de
538 3882 695 3945 condendo
716 3882 807 3943 Halae
829 3881 1077 3960 lllagdeburgicae
1104 3878 1269 3939 studiorum

127 3991 258 4050 sacrario
281 3992 439 4068 cogitaret,
462 4011 558 4073 neque
582 4001 695 4063 umen,
719 4009 898 4071 quamquam
913 4009 992 4054 anno
1012 3987 1169 4051 millesimo
1185 3991 1270 4067 quin·

127 4102 292 4177 gentesimo
314 4103 466 4180 trigesimo
489 4106 585 4184 primo
609 4080 769 4162 Pontificio
782 4099 905 4180 epistola
928 4118 943 4162 a
966 4099 1118 4162 Clemente
1139 4099 1270 4180 Septimo

127 4210 193 4272 data
216 4212 280 4272 eius
303 4213 346 4271 rei
369 4221 525 4292 acceperat
539 4218 731 4292 potestatem,
753 4212 859 4271 initum
879 4209 950 4273 olim
965 4211 1090 4291 perlecit
1104 4211 1269 4273 consilium.

129 4320 301 4382 Feliciorem
330 4330 468 4383 eventum
497 4321 629 4382 habuere
656 4329 794 4392 conatus,
832 4324 883 4400 qui
910 4321 993 4384 brevi
1026 4329 1094 4402 post
1120 4320 1270 4383 subsecuti

127 4439 210 4501 Ιαιιιιῑ,
234 4431 357 4493 alterius
372 4432 503 4511 Alberti,
518 4430 699 4493 Marchionls
714 4431 1009 4512 brandenburgensis
1025 4452 1059 4495 ac
1071 4434 1167 4511 primi
1180 4432 1271 4493 Duris
