2866 4912
119 408 211 468 luisse
234 407 375 485 dignitate
391 407 578 486 praecipuos:
603 407 712 466 etenim
738 407 825 465 etiam
848 406 901 473 ile,
926 406 976 481 qui
998 412 1092 464 aetate
1115 406 1276 484 principes

121 525 233 587 essent,
268 518 383 597 primus
411 523 527 596 poterat
556 517 586 575 in
610 513 717 576 fabulis
743 514 828 575 locus
856 514 929 574 dari.
980 513 1135 594 Principes
1169 523 1273 575 autem

126 636 221 689 aetate
250 637 280 689 et
307 626 465 705 indigenae
493 627 522 686 in
552 623 676 702 singulis
704 626 790 704 terris
818 634 902 685 erant
925 625 986 684 iere
1015 625 1132 694 rustici,
1161 625 1276 705 quibus

122 739 205 799 victis
235 757 325 817 agros
353 735 493 797 colendos
522 734 687 795 concedere
716 732 852 794 solebant
879 735 1017 795 tortiores
1044 753 1078 796 ac
1107 733 1275 796 nobiliores

121 847 265 922 advenae,
296 865 330 908 ea
360 846 479 926 quidem
507 845 692 914 conditione,
721 827 756 905 ut
783 863 818 904 ex
849 844 996 906 fructibus
1023 846 1134 904 tributa
1156 845 1273 924 pende·
1326 831 1330 838 ’

121 965 189 1019 rent
212 959 329 1026 victori,
353 957 438 1018 cuius
460 957 505 1016 rei
528 954 628 1015 nobile
650 952 819 1034 exemplum
842 953 1052 1015 Thessalorum
1075 953 1201 1033 praehet
1216 955 1272 1015 Pe·

125 1068 237 1129 nestica
260 1083 333 1144 gens
347 1063 377 1145 ¹).
408 1069 449 1127 Ac
471 1084 542 1126 sane
564 1065 638 1125 haec
662 1073 706 1126 est
729 1082 796 1124 vera
819 1065 908 1125 ratio:
932 1083 992 1125 non
1007 1064 1179 1126 sacerdotes
1202 1074 1273 1127 sunt

122 1175 295 1246 Teleontes,
319 1175 377 1237 sed·
394 1177 498 1237 rustici
521 1177 584 1253 agri
599 1174 744 1236 culturam
761 1181 934 1235 exercentes
956 1182 1044 1253 atque
1066 1174 1136 1235 inde
1158 1173 1272 1236 tributa

123 1293 308 1366 praestantes
338 1283 489 1346 nobilibus
518 1283 728 1364 (τελοῦντος),
762 1286 812 1362 qui
840 1283 1020 1364 Eupatridoe
1048 1284 1172 1363 posthac
1200 1284 1274 1346 dicti

124 1402 209 1466 sunt,
239 1404 300 1456 tum
323 1403 421 1455 autem
441 1387 620 1475 ”Οιιλητες;
650 1396 816 1473 mansitque
839 1394 896 1454 hoc
917 1395 1082 1456 institutum
1112 1413 1206 1474 usque
1235 1397 1271 1457 ad

31 1517 35 1528 '
125 1505 243 1567 Solonis
259 1500 474 1585 σεισάχθειαν
482 1503 514 1584 ²).
538 1504 560 1584 [.
579 1551 586 1565 .
610 1504 775 1583 „agricolas
790 1506 814 1565 si
830 1523 888 1566 non
904 1524 1008 1566 omnes
1030 1512 1110 1565 certe
1126 1503 1272 1585 plurimos

125 1616 233 1677 tributa
255 1614 446 1696 pependisse,
470 1634 530 1675 non
554 1624 613 1675 tam
637 1632 673 1676 ex
688 1614 810 1676 Platone
831 1614 954 1693 colligo,
978 1633 1065 1693 quam
1080 1613 1166 1686 inde,
1189 1617 1271 1696 quod

124 1726 182 1786 hoc
197 1724 335 1805 plurimis
349 1727 380 1785 in
403 1728 493 1788 terris
518 1725 626 1787 laetum
650 1733 707 1794 est,
736 1727 767 1785 in
791 1743 863 1804 quas
885 1726 1094 1804 immigrarunt
1120 1728 1272 1789 tortiores.

195 2013 220 2075 1)
245 2010 342 2078 [Pelso
365 2013 556 2063 Sch'dmennus
578 2013 607 2062 in
626 2013 691 2063 diss.
716 2012 749 2064 do
772 2013 885 2063 Ionibus
907 2028 932 2063 ο..
957 2013 1030 2063 1856.
1056 2009 1137 2067 odite,
1158 2026 1184 2076 p.
1204 2015 1220 2063 3
1240 2035 1274 2054 =

126 2097 681 2163 Opusc.1p.150remitepr0p0suit,
706 2097 785 2163 quasi
808 2101 958 2147 statuerem
980 2095 1116 2159 Pelasgos
1138 2097 1174 2146 eb
1200 2095 1276 2147 loni·

127 2182 179 2232 bus
197 2197 344 2248 oppressos
362 2178 445 2248 esee]

192 2265 220 2328 κ)
238 2267 376 2321 Plutarch.
396 2266 489 2319 Solon.
508 2283 533 2321 c.
553 2269 592 2318 13.
613 2255 690 2326 ἅπας
708 2261 761 2332 μὲν
779 2255 833 2330 γὰρ
851 2256 866 2316 ό
887 2251 1033 2333 δῆμος“ἦν
1051 2256 1200 2332 ὑπόχρεως
1218 2265 1276 2317 τῶν

126 2349 284 2402 πλουσίων
303 2339 323 2418 ἢ
340 2343 396 2418 γὰρ
414 2342 575 2418 ἔγεόργοον
593 2342 728 2413 ἐκείνοις,
749 2346 817 2402 ἕκτα
829 2348 885 2400 τῶν
897 2347 1056 2415 γινομένων
1074 2348 1276 2414 τελοῦντες,

127 2425 291 2501 ἑκτημόριοι
308 2426 587 2501 προσαγορευόμενοι
605 2432 655 2486 καὶ
674 2433 775 2501 θῆτες,
794 2435 853 2485 κτλ.
890 2431 1002 2501 [mede
1021 2434 1109 2486 Sobel.
1124 2433 1199 2485 Plet.
1219 2436 1277 2485 Eu-

127 2520 236 2585 thyphr.
251 2521 277 2582 (t
287 2519 320 2581 C)
334 2537 361 2585 p.
373 2522 431 2570 327.
444 2520 534 2572 Bekis.
549 2511 679 2571 Πελόται
691 2513 766 2571 εἰσὶν
778 2513 808 2569 ol
819 2513 897 2585 παρὰ
915 2522 977 2579 τοῖς
989 2518 1111 2586 πλησίον
1124 2511 1276 2586 ἐργαζόμε-

128 2620 185 2662 νοι,
208 2601 258 2655 καὶ
281 2602 380 2668 θῆτες.
403 2598 434 2654 οἱ
456 2597 540 2655 αὐτοὶ
563 2598 598 2656 dd
621 2601 671 2654 καὶ
696 2594 862 2670 ἓκτήμοροι,
885 2594 949 2656 ἐπεὶ
972 2602 1010 2669 τῷ
1029 2598 1100 2674 ἕκτῳ
1118 2598 1200 2668 μέρει
1217 2603 1277 2656 τῶν

127 2685 244 2751 καρπῶν
263 2678 427 2752 εἰργάζοντο
445 2681 499 2753 τὴν
516 2686 579 2754 γῆν.
616 2688 661 2739 Gi.
680 2688 839 2741 Ruhnkenii
861 2687 996 2755 notem.*]
1023 2689 1056 2740 de
1080 2704 1133 2753 quo
1155 2689 1217 2739 loco
1240 2707 1277 2740 ox

129 2771 274 2821 Scheeferi
298 2772 441 2821 sententio
464 2771 537 2822 dixit
553 2772 606 2822 Ed.
624 2773 773 2825 Pletnerus
795 2773 829 2824 de
853 2773 982 2840 gentibus
1001 2772 1103 2824 Atticis
1124 2789 1276 2839 eorumque

129 2871 190 2904 cum
208 2855 335 2905 tribubus
353 2871 426 2904 nexu
445 2871 471 2920 p.
490 2858 515 2909 8.
539 2872 618 2922 quem
642 2857 688 2908 bic
704 2858 815 2909 honoris
838 2872 925 2909 causa
948 2856 1117 2923 appellatum
1135 2858 1276 2922 velumus,

129 2954 293 3004 quemquam
310 2939 398 2990 multa
416 2954 512 3004 parum
526 2940 655 2992 distinxit
672 2947 701 2993 et
719 2940 852 2993 nonnulla
864 2940 957 2992 omisit
975 2940 1009 2991 ud
1028 2958 1082 2993 rem
1102 2942 1278 3008 pertinentia

129 3023 175 3074 vel
193 3025 317 3076 maxime.
354 3025 506 3075 Praetereo
524 3026 701 3078 memorabile
719 3026 792 3092 apud
810 3025 894 3077 Indos
913 3041 1020 3090 quoque
1038 3030 1149 3077 veteres
1167 3032 1278 3078 sextum

130 3108 238 3173 frugum
257 3114 364 3174 partem
382 3112 454 3175 regie
473 3110 575 3172 fuisso,
599 3117 630 3161 ut
650 3111 767 3176 legimus
784 3112 813 3160 in
832 3109 991 3163 Secontela.
1029 3106 1086 3176 [cf.
1105 3111 1219 3162 Diodor.
1237 3113 1278 3177 ll,

128 3194 175 3242 41:
199 3188 283 3258 χωρὶς
301 3187 335 3244 dl
353 3188 521 3259 μισθώσεως
539 3187 678 3261 τετάρτην
697 3190 739 3254 εἰς
757 3191 788 3246 τό
808 3187 959 3260 βασιλικόν
977 3191 1130 3262 τελοῦσιν]
1168 3196 1276 3248 Eadem

130 3282 222 3328 eutem
241 3276 392 3343 priscorum
410 3278 520 3331 Atticae
543 3281 707 3331 rusticorum
729 3280 835 3330 tributa
853 3279 934 3329 Pluto
958 3277 1098 3342 significet
1121 3280 1150 3329 in
1173 3279 1274 3336 Critia.

131 3359 176 3430 [·In
195 3362 296 3413 Oecon.
316 3363 428 3429 publico.
445 3364 656 3416 Atheniensium
674 3364 718 3415 ed.
737 3380 791 3416 sec.
811 3364 864 3416 vol.
878 3365 900 3434 l.
914 3378 939 3428 p.
953 3364 1002 3414 oto
1021 3362 1084 3415 adn.
1102 3381 1119 3414 ο
1137 3364 1172 3414 do
1190 3357 1276 3432 ἕκτη-

130 3438 230 3512 μόροις
247 3446 318 3498 haec
336 3448 412 3498 dicte
430 3452 508 3498 suut:
536 3449 614 3515 „Nur
629 3450 659 3499 in
677 3449 828 3499 Riicksicht
851 3448 901 3499 der
923 3449 968 3499 bei
987 3448 1118 3499 Plutarch
1137 3449 1222 3501 Seleu
1242 3454 1274 3502 13

130 3532 362 3583 vorkommenden
380 3523 546 3599 ἕκτημόροι,
566 3533 610 3584 die
629 3533 781 3599 ellordiugs
799 3533 929 3584 eusdem
947 3533 1021 3583 alten
1034 3533 1205 3585 Verhiiltniss
1225 3535 1275 3585 der

130 3615 375 3682 Unterwiirfiglreit
392 3616 477 3668 durch
494 3619 607 3669 weltere
625 3620 798 3683 Verurmung
818 3618 952 3678 scheineu
975 3617 1220 3684 hervorgegaugeu
1239 3636 1274 3670 zu

131 3701 206 3763 sein,
225 3706 304 3766 trago
323 3702 370 3752 ieh
388 3702 448 3753 hier
467 3703 529 3754 eine
547 3702 648 3753 endere
667 3702 799 3768 Meinung
820 3718 877 3753 vor.
913 3703 967 3753 Die
986 3686 1275 3769 autgegeugesetzteu

131 3785 266 3851 Angabeu
285 3786 333 3836 der
350 3787 434 3837 Alton
453 3787 571 3837 deriiber
588 3787 637 3837 hat
655 3787 741 3838 echon
754 3785 910 3838 Schiimenu
929 3786 1086 3842 decomitt.
1104 3787 1166 3839 Ath.
1180 3789 1207 3840 S.
1223 3790 1274 3840 aot

51 3924 54 3930 ,
130 3870 402 3936 zusammengestellt
418 3871 475 3922 und
494 3871 555 3922 sich
574 3871 655 3922 daliir
672 3869 790 3934 erhlhrt‚
809 3873 850 3922 sie
869 3872 968 3922 hutten
980 3873 1059 3923 nicht
1077 3875 1159 3924 einen
1177 3873 1275 3924 Seche-

131 3954 201 4005 theil
224 3953 273 4005 des
296 3956 429 4023 Ertrages
452 3972 488 4007 cn
510 3956 564 4006 den
586 3955 786 4021 iligenthiimer
809 3955 857 4006 des
879 3955 989 4041 Bodens
1012 3957 1188 4024 ebgegebeu,
1212 3973 1275 4008 son·

132 4040 200 4090 dern
218 4039 315 4091 diesen
333 4040 489 4093 Sechstheil
510 4042 687 4107 empfungeu.
711 4041 811 4092 Dieses
830 4040 905 4091 holte
924 4041 993 4092 euch
1011 4043 1055 4093 ich
1069 4041 1144 4106 jetzt
1161 4043 1206 4094 mr
1223 4044 1275 4095 des

50 4166 51 4170 ,
131 4123 274 4189 Richtige;
294 4141 324 4176 es
341 4127 494 4192 iiberzeugt
512 4126 583 4176 mich
602 4126 693 4176 daron
713 4124 762 4176 das
776 4124 951 4176 Verhtiltuiss
969 4127 1017 4177 der
1030 4126 1181 4178 ltalischen
1200 4143 1274 4193 par·
1298 4185 1299 4188 Ἴ

133 4208 230 4258 tiarii
253 4209 324 4259 nach
342 4208 412 4260 (leto
435 4210 469 4262 de
487 4211 518 4260 R.
536 4210 568 4265 R.
588 4210 647 4271 136,
672 4209 789 4260 welches
807 4224 860 4259 von
879 4195 996 4261 nuuirff
1012 4208 1145 4278 (Vorredc
1164 4228 1187 4264 z.
1207 4214 1274 4264 Ver-

134 4292 272 4343 reiehuiss
288 4293 335 4343 der
352 4294 543 4360 Vorlesungen
561 4294 609 4345 der
628 4294 754 4344 Berliner
771 4295 854 4346 Unir.
872 4293 994 4345 Summer
1012 4293 1088 4362 1846)
1108 4296 1171 4346 sehr
1188 4296 1275 4348 schlin

134 4380 251 4430 erdrtert
268 4376 420 4444 worden.“]
