2866 4912
672 159 713 219 48

120 363 277 446 τέτταρας
299 359 410 444 φυλὰς
424 361 536 424 διεῖλε
560 356 597 422 ιδ
619 363 764 442 πλῆθος,
795 354 865 422 εἶτα
894 361 941 434 εἰς
968 359 1128 443 τέτταρας
1156 364 1278 442 βίους·

119 471 197 548 τούς
218 474 280 557 μέν
301 471 365 554 γὰρ
389 467 559 553 γεωργοὺς
574 467 742 550 ἀπέδειξε,
766 467 843 545 τούς
865 470 901 533 δὲ
924 466 1153 554 δημιουργοὺς
1159 518 1168 550 ,
1193 466 1281 545 τούς

120 583 157 647 δὲ
181 581 380 667 ἱεροποιοὺς,
404 580 583 664 τετάρτους
598 580 636 643 δὲ
652 576 730 655 τοὺς
745 577 909 662 φύλακας.
941 584 1002 645 Νοο
1018 583 1204 644 omittendos
1230 594 1278 644 est

121 697 185 756 loco
208 697 265 757 hoc
288 697 393 757 Critias
415 694 465 755 illc
487 689 702 771 Platonicus¹),
725 693 826 772 plura,
850 711 938 770 quam
962 693 1147 755 arbitrantur
1171 693 1275 772 vulgo,

121 825 155 866 ex
183 807 342 867 traditione
364 814 530 885 pervetusta
555 807 688 865 retinens
712 801 838 883 [„qnem
862 821 915 864 cnr
937 812 1088 883 putemus,
1117 821 1277 882 qrtaecun·

119 936 177 998 qne
193 917 229 977 de
245 918 322 977 bau·
338 916 497 995 (divisione)
514 915 619 985 „dixit
641 934 675 975 ea
687 933 722 974 er
737 933 791 975 suo
805 913 931 974 cerebro
944 915 1073 983 linxisse,
1093 931 1148 974 ncc
1166 915 1276 992 potius

120 1030 269 1106 antiquam
293 1030 399 1087 lamam
421 1026 661 1086 accommodasse
684 1026 745 1086 suis
767 1022 946 1093 rationibus,
974 1023 1053 1084 nulla
1076 1041 1165 1083 causa
1189 1008 1282 1084 est*

120 1138 149 1198 C.
167 1138 188 1198 Ι.
206 1138 240 1197 G.
255 1114 275 1196 l.
293 1155 319 1196 c.
341 1155 370 1216 p.
387 1132 515 1214 sanat,
539 1138 590 1212 qui
613 1136 649 1195 de
672 1135 763 1195 rebus
780 1136 892 1196 Atticae
915 1134 1140 1214 antiquissimis,
1156 1123 1275 1194 Ὦικει

120 1244 157 1309 δέ
180 1242 263 1325 τότ’,
288 1249 341 1315 ait,
372 1243 411 1307 ἐν
433 1244 513 1327 τῇδε
535 1246 575 1325 τῇ
599 1239 753 1326 gripponi
775 1241 838 1321 μὲν
861 1238 948 1306 ἄλλα
971 1242 1055 1323 ἔθνη
1077 1242 1145 1303 τοῖν
1169 1243 1269 1304 πολι-

119 1353 188 1417 τῶν
210 1351 285 1436 περὶ
308 1350 366 1428 τοὶς
388 1353 608 1435 δημιουργίας
630 1348 711 1415 ὄντα
734 1349 790 1414 καὶ
812 1348 875 1433 τὴν
897 1349 935 1415 ἐκ
958 1351 1015 1434 τῆς
1035 1352 1096 1432 γῆς
1116 1350 1270 1433 τροφήν·

119 1461 156 1529 τδ
179 1463 216 1528 δέ
238 1463 384 1546 μα’χιμον
406 1456 465 1526 ὑπ’
489 1459 626 1545 ἀνδρῶν
646 1463 753 1526 θείων
768 1458 842 1525 κατ’
858 1458 962 1544 ἀρχὰς
977 1457 1171 1544 ἀφορισθέν
1186 1457 1272 1546 ᾤκει

119 1575 235 1658 χωρὶς,
259 1573 370 1637 πάντα
392 1573 440 1649 εἰς
460 1570 593 1655 τροφήν
615 1570 671 1636 καὶ
687 1573 866 1636 παίδευσιν
887 1568 928 1635 τὰ
943 1570 1156 1655 προςήκοντα
1172 1573 1270 1655 ἔχον,

121 1685 209 1748 ἴδιον
230 1683 293 1766 μέν
316 1680 429 1748 αὐτῶν
452 1677 564 1757 οὐδεὶς
586 1679 689 1747 οὐδὲν
711 1681 929 1767 κεκτημένος,
958 1680 1090 1745 ἅπαντα
1113 1681 1151 1745 δὲ
1174 1682 1270 1746 πάν-

119 1817 188 1879 των
210 1790 308 1857 κοινὰ
331 1795 521 1873 νομιζοντες
542 1787 671 1873 αὑτῶν,
701 1791 788 1875 πέρα
810 1793 848 1856 δὲ
872 1792 990 1874 ἱκανῆς
1011 1793 1140 1875 τροφῆς
1162 1789 1271 1856 οὐδὲν

120 1901 295 1981 ἀξιοῦντες
316 1899 407 1985 παρὰ
430 1904 497 1965 τῶν
519 1899 634 1965 ἄλλων
649 1902 810 1985 δέχεσθαι
825 1904 990 1983 πολιτῶν,
1015 1900 1071 1966 καὶ
1093 1900 1207 1966 πάντα
1229 1903 1270 1970 δέ

120 2010 160 2078 τὰ
182 2013 264 2097 χθὲς
287 2018 326 2096 (ἰο
350 2015 433 2075 libris
456 2015 661 2094 Reipublicae,
691 2015 727 2075 ad
757 2018 840 2077 cuius
862 2023 1020 2095 praecepta
1049 2016 1122 2078 baec
1146 2035 1269 2078 accom-

121 2127 236 2189 modata
259 2127 336 2205 sunt)
361 2120 524 2206 λεχθέντα
541 2122 789 2206 ἐπιτηδεύματα
804 2122 1077 2207 ἐπιτηδεύοντες,
1101 2118 1164 2186 ὅσα
1187 2127 1270 2207 περὶ

118 2239 187 2300 τῶν
210 2229 446 2300 ὑποτεθέντων
472 2232 601 2318 ἐρρήθη
624 2233 797 2313 φυλάκων.
834 2236 942 2318 [„'iria
967 2239 1121 2297 minimum
1145 2241 1268 2315 negotia

119 2351 179 2410 sive
202 2352 277 2411 ritae
299 2367 409 2428 genera
433 2348 587 2425 distinguit
601 2348 693 2418 Plato,
718 2347 852 2418 militum,
877 2349 1025 2427 opiticum,
1050 2347 1267 2427 agricolarum:
1304 2357 1308 2375 ¹

120 2480 154 2520 cx
184 2461 292 2540 quibus
320 2479 409 2540 quum
440 2460 548 2520 milites
577 2459 732 2520 manifesto
762 2477 821 2519 non
849 2456 898 2518 alii
919 2460 979 2519 sint
1001 2468 1089 2538 atque
1111 2457 1267 2537 Hopletes,

121 2571 333 2649 tegtcorenses
355 2579 463 2640 autem,
487 2588 562 2649 quos
580 2568 737 2648 Euripides
760 2587 774 2629 a
792 2568 918 2630 Palladis
937 2568 1040 2648 aegide
1059 2568 1270 2631 denominatos

121 2699 186 2741 osse
208 2658 325 2759 poetico
349 2680 423 2740 dixit
444 2679 529 2748 lusu,
560 2698 619 2741 non
648 2681 761 2759 possint
789 2680 846 2740 nisi
861 2687 1003 2759 pastores
1026 2681 1150 2741 minoris
1172 2698 1269 2758 pecu·

120 2790 175 2858 dis,
200 2807 355 2869 caprarum
380 2799 409 2850 et
430 2791 530 2850 orium
556 2785 729 2870 (ποιμένες)
754 2807 833 2860 esse,
858 2797 939 2867 patet
953 2798 1087 2867 pastores
1102 2791 1164 2850 sive
1179 2792 1269 2869 degi·

119 2993 198 3044 dotes
221 2993 319 3054 inisse,
342 2993 518 3059 Argadenses
542 2992 666 3058 opifices,
691 2993 923 3044 desiderabuntur
944 2993 1101 3059 agricolae,
1126 3008 1194 3058 quos
1216 3009 1267 3044 ve·

118 3083 192 3128 teres
218 3083 347 3129 auctores
374 3094 508 3129 consensu
534 3083 701 3139 agnoscunt3
729 3078 772 3128 sin
800 3076 949 3129 Geleontes
971 3077 1077 3128 nobiles
1099 3078 1145 3129 vel
1171 3094 1268 3130 sacer-

119 3162 198 3213 dotes
222 3162 308 3213 fuisse
326 3168 448 3226 statuas,
473 3161 522 3214 sed
540 3162 678 3226 agricolas
696 3162 887 3228 Argadensee‚
911 3162 1027 3214 deerunt
1045 3162 1170 3228 opifices,
1194 3178 1267 3229 quoa

118 3251 228 3297 veteres
246 3263 340 3298 omnes
358 3249 511 3309 nominant;
532 3261 636 3296 rursum
655 3248 678 3296 si
691 3246 898 3311 Argadensibns
913 3247 1105 3313 complecteris
1124 3249 1266 3313 agricolas

120 3337 148 3381 et
167 3330 288 3397 opifices,
307 3348 361 3382 non
379 3333 464 3383 solum
483 3331 673 3383 commiscebis
686 3332 875 3383 diversissima
892 3333 967 3382 vitae
980 3347 1092 3398 genere,
1113 3331 1160 3382 sed
1180 3334 1268 3383 etiam

119 3421 228 3467 veteres
247 3421 374 3467 auctores
393 3416 566 3468 adversarios
584 3415 713 3479 habebis,
734 3419 781 3480 qui
800 3417 853 3467 duo
871 3418 941 3468 haec
959 3433 1062 3483 genera
1080 3417 1265 3482 distinguunt.

120 3501 245 3565 Denique
274 3502 321 3566 qui
343 3501 491 3552 Geleontcs
518 3505 597 3573 putet
619 3500 727 3551 nobiles
750 3517 823 3564 esse,
849 3503 874 3553 is
896 3507 928 3552 ut
950 3501 1015 3552 illos
1038 3503 1072 3553 ab
1095 3501 1267 3568 Hopietibus

119 3587 287 3650 distingunt,
311 3588 357 3649 qni
380 3585 453 3635 haud
476 3585 557 3636 dubie
584 3592 612 3636 ct
633 3586 688 3650 ipsi
711 3586 817 3637 nobiles
841 3586 965 3651 luerunt,
990 3585 1127 3652 duplicem
1150 3601 1266 3638 necesse

120 3675 163 3719 ost
180 3675 286 3720 statuat
303 3670 492 3735 nobilitatem,
512 3671 584 3736 quod
604 3672 872 3721 lecitSchiimannus
896 3669 1024 3732 noster,“
1049 3672 1097 3733 (cl.
1121 3670 1195 3720 inira
1220 3671 1265 3724 ad.

119 3756 173 3819 pi
192 3776 225 3795 =
244 3757 275 3806 67
294 3754 354 3805 adn.
374 3751 422 3821 2.),
442 3761 604 3820 „postquam
624 3756 783 3821 repudiavit
801 3756 917 3821 priorem
936 3770 1012 3805 suam
1029 3758 1198 3806 sententiam
1212 3755 1266 3806 (ie-

119 3839 226 3890 icontcs
244 3855 303 3890 esse
323 3836 498 3906 sacerdotes,
518 3856 627 3891 sumens
644 3841 699 3890 iam
719 3839 900 3893 Geleontibua
922 3846 1047 3891 vetustos
1066 3846 1094 3891 et
1117 3841 1266 3905 indigenas

119 3926 282 3989 optimates,
300 3925 466 3991 Hopletibus
485 3925 658 3976 adventitios
677 3924 885 3991 comprehendi:
905 3925 976 3990 quod
989 3941 1155 3991 quamquam
1174 3926 1265 3989 perite

119 4009 256 4060 inventum
276 4010 395 4076 est,‘vel
414 4011 455 4061 sic
477 4016 570 4062 tamen
588 4010 740 4060 manebunt
758 4014 881 4071 ceterae,
901 4025 969 4073 quas
986 4012 1173 4076 exposuimus,
1194 4009 1265 4060 diffi-

120 4094 248 4144 cultates.
279 4096 337 4146 Nec
354 4097 444 4147 minus
462 4097 594 4161 premitur
611 4095 654 4145 hia
674 4111 708 4145 ea
727 4096 920 4160 interpretatio
938 4095 1069 4146 vocabuli
1091 4088 1264 4150 Τελεόντων,

120 4195 154 4228 ex
173 4193 228 4243 qua
245 4179 273 4228 bi
291 4181 349 4230 sint
360 4174 390 4231 ci
405 4173 441 4230 ιδ
455 4175 521 4245 τέλη
536 4174 658 4246 ἔχοντες,
677 4180 729 4230 hoc
748 4185 791 4231 est
802 4180 888 4245 stirps
900 4194 1001 4242 eornm,
1021 4195 1107 4245 penes
1121 4194 1189 4243 quos
1206 4180 1265 4230 sint

120 4263 297 4328 magistratus
315 4265 374 4316 sive
394 4264 446 4315 soli
465 4280 513 4314 seu
532 4266 586 4314 unit
605 4265 795 4316 sacerdotia.“
813 4264 843 4318 Ο,
856 4265 877 4314 Ι.
893 4265 923 4316 G.
942 4264 960 4319 l,
979 4281 1004 4316 c.
1023 4280 1049 4330 p.
1068 4265 1150 4318 nauh.
1168 4261 1263 4330 93ia]

188 4346 214 4414 ι)
233 4349 263 4401 Ρ.
284 4352 332 4401 110
350 4348 380 4400 c.
