2866 4912
743 222 834 319 sc-

188 432 219 492 in
242 433 338 493 omnis
361 430 479 509 generis
508 429 707 493 doctrinarum
737 428 978 509 praeceptoribus
1007 447 1041 490 ac
1065 429 1205 489 studiosis
1232 432 1332 507 roqui-

188 544 279 605 ritur:
309 542 339 601 id
362 560 431 602 vcro
456 559 546 619 quum
569 539 606 601 ab
630 540 782 610 omnibus,
807 542 857 618 qui
879 557 1001 619 operam
1025 538 1131 600 litteris
1154 540 1239 610 dant,
1272 534 1333 601 turn

189 672 204 712 a
228 652 377 713 nobismet
398 653 472 731 ipsis
496 660 584 729 atquc
607 671 622 711 a
645 651 727 713 vobis
750 650 844 731 probe
859 649 999 729 intelligi,
1025 659 1127 712 nostra
1143 654 1269 712 interest
1289 650 1334 712 vel

188 765 324 824 maxime.
355 763 457 841 ltaque
480 782 539 824 non
559 764 662 833 modo,
686 761 764 842 quod
788 780 885 841 nuper
901 763 1070 822 monuimus
1080 758 1116 840 ¹),
1140 764 1237 823 virum
1253 772 1334 823 recte

189 874 337 935 cruditum
361 893 416 935 nec
440 892 561 954 pravum
585 890 715 952 unquam
739 891 795 934 nec
810 871 971 950 malignum
994 873 1121 952 reperiri
1144 872 1333 943 arbitramur,

188 984 240 1044 sed
263 987 313 1062 qui
336 985 426 1045 homo
449 1002 576 1062 nequam
600 985 651 1053 sit,
675 1001 742 1045 eum
766 1002 821 1045 nec
835 985 999 1063 sapientem
1021 1002 1077 1044 nec
1100 1002 1168 1044 vere
1185 983 1333 1045 eruditum

190 1112 254 1154 esse
276 1113 364 1173 posse
386 1094 564 1163 iudicamus;
594 1096 708 1174 potius,
738 1095 762 1154 si
785 1094 852 1171 quis
878 1093 1032 1175 improbus
1059 1093 1095 1155 ad
1117 1092 1246 1155 studium
1269 1113 1335 1154 sese

188 1204 395 1282 qualecunque
411 1204 596 1285 applicuerit,
613 1223 665 1266 seu
681 1203 899 1284 philosophiam
920 1204 1117 1285 professurus,
1140 1206 1202 1265 sive
1217 1206 1334 1265 iuturus

189 1315 343 1394 theologus
367 1325 418 1376 aut
440 1305 515 1377 iuris
538 1322 568 1375 et
589 1333 689 1376 rerum
712 1313 897 1394 publicarum
920 1317 1049 1395 peritus,
1080 1334 1133 1377 seu
1156 1315 1333 1377 medicinam

187 1426 335 1496 facturus,
365 1446 425 1487 non
455 1444 538 1496 eum,
569 1425 646 1505 quod
675 1443 778 1487 verum
808 1434 839 1487 et
860 1427 964 1504 generi
992 1425 1121 1487 humano
1145 1425 1333 1487 conducibile.

185 1537 216 1597 in
240 1555 356 1616 quaque
378 1536 533 1617 disciplina
556 1538 610 1606 sit,
639 1553 795 1598 censemus
822 1535 917 1616 pluris
939 1535 1124 1606 habiturum,
1154 1553 1241 1616 quam
1271 1539 1331 1615 pri·

186 1655 251 1707 vata
279 1646 449 1717 commoda,
484 1655 517 1708 ut
549 1646 594 1707 vel
622 1664 777 1708 nummum
806 1647 838 1706 in
866 1645 980 1708 loculos
1009 1646 1143 1707 demittat
1175 1646 1220 1707 vel
1254 1645 1332 1724 vulgi

185 1756 321 1837 plausum
346 1767 375 1820 et
397 1757 622 1818 admirationem
650 1775 685 1818 ac
712 1758 837 1835 gratiam
853 1765 1021 1841 'potentum
1044 1757 1163 1819 reserat.
1208 1757 1249 1818 lta
1273 1758 1331 1828 liet,

149 1886 165 1933 4
188 1876 220 1928 ut
242 1888 296 1948 pro
321 1868 495 1948 philosopho
523 1867 669 1948 sophista,
699 1887 754 1948 pro
782 1867 983 1930 iureconsulto
1005 1867 1125 1939 rabula,
1155 1885 1210 1948 pro
1239 1871 1331 1946 magi·

186 1985 281 2038 stratu
311 1981 403 2057 pestis
430 1977 628 2058 reipublicae,
658 1996 713 2057 pro
741 1977 825 2039 verbi
853 1978 943 2040 divini
965 1980 1101 2040 ministro
1130 1978 1247 2050 rhetor,
1277 1997 1332 2058 pro

187 2088 302 2148 medico
331 2090 532 2165 argentarius,
562 2088 690 2165 denique
719 2089 749 2148 in
777 2106 956 2169 unoquoque
985 2106 1096 2168 genere
1123 2087 1190 2149 talis
1216 2091 1331 2159 existat,

187 2198 305 2277 qualern
330 2207 446 2260 constat
467 2217 532 2260 esse
547 2217 607 2259 non
624 2196 743 2260 debere.
779 2198 857 2269 „Sed
879 2199 1053 2279 prudentes,
1075 2199 1230 2277 ingeniosi,
1255 2200 1333 2260 docti

188 2329 253 2371 esse
275 2328 434 2392 possumus
462 2307 596 2387 neglecta
620 2307 690 2369 licet
716 2327 833 2370 morum
861 2311 1044 2388 integritate:
1075 2307 1151 2370 aliud
1181 2317 1226 2370 est
1253 2311 1331 2371 enim

189 2440 309 2501 sapere,
339 2420 417 2483 aliud
441 2420 518 2481 bene
540 2421 670 2480 vivere.“
714 2419 777 2480 lloo
805 2418 1014 2482 decommum
1041 2421 1186 2481 sententia
1215 2419 1333 2481 lrirolo-

191 2552 256 2593 rum
280 2551 334 2611 per
358 2550 461 2593 omnes
476 2538 587 2592 aetates
601 2530 755 2592 homiuum
771 2529 919 2610 hodieque
933 2539 1003 2592 sunt
1017 2532 1068 2610 qui
1084 2539 1201 2610 putent:
1226 2531 1334 2611 quibus

189 2645 350 2704 iuventutis
373 2640 600 2721 corruptoribus
623 2640 831 2721 perditissimis
853 2643 965 2703 utinam
989 2660 1027 2702 ne
1049 2659 1101 2702 vos
1123 2660 1223 2704 aurem
1247 2660 1333 2721 prae-

187 2752 297 2821 beatis,
322 2750 555 2820 commilitoncs;
584 2754 696 2814 utinam
719 2770 771 2812 vos
794 2751 880 2812 etiam
904 2759 993 2829 atque
1016 2754 1104 2813 etiam
1128 2752 1331 2823 consideretis

186 2869 327 2942 quantum
356 2861 393 2923 ad
417 2863 614 2925 eruditionem
643 2862 778 2923 conterat
806 2863 864 2922 vita
885 2880 959 2941 pura
984 2870 1011 2922 et
1034 2862 1159 2924 honesta
1181 2863 1331 2940 animique

186 2976 356 3053 incorrupta
379 2975 547 3045 sinceritas,
572 2984 714 3052 quantum
738 2971 854 3034 indoles
876 2974 953 3034 vitiis
977 2973 1121 3053 malisque
1143 2973 1255 3035 artibus
1277 2976 1331 3034 im-

187 3084 255 3145 buta
278 3083 371 3146 obsiti
408 3085 498 3155 Nam,
523 3097 555 3147 ut
578 3103 670 3147 unum
695 3091 806 3145 tantum
832 3084 1005 3154 aderamus,
1030 3085 1107 3164 (quis
1130 3087 1209 3145 eninr
1232 3087 1331 3145 omnia

185 3194 275 3255 huius
298 3197 341 3255 rei
363 3195 550 3256 incommoda
578 3197 673 3275 spatio
701 3202 760 3255 tam
790 3201 914 3273 angusto
943 3194 1228 3275 comprehendenti)
1257 3193 1331 3254 nihil

185 3306 292 3366 mentis
315 3307 407 3366 aciem
432 3307 525 3385 magis
540 3306 746 3385 praestringit,
770 3302 843 3366 nihil
868 3303 987 3366 aculeos
1002 3305 1103 3367 iudicii
1119 3307 1212 3384 magis
1227 3313 1328 3367 retun-

185 3418 240 3489 dit,
271 3435 359 3497 quam
390 3417 536 3497 cupiditas
566 3425 595 3477 et
623 3415 751 3476 ambitio.
797 3414 861 3486 Qua
885 3417 936 3493 qui
957 3414 1076 3477 ducitur
1098 3417 1129 3476 in
1152 3415 1276 3487 litteris,
1305 3417 1330 3476 is

184 3528 327 3607 quidquid
351 3527 524 3589 discendum
548 3536 598 3588 aut
620 3526 785 3588 docendum
811 3534 864 3596 est,
890 3545 925 3587 eo
947 3527 1053 3596 relert,
1079 3536 1111 3587 ut
1133 3525 1329 3587 eruditionem

184 3657 266 3699 suam
296 3648 326 3699 et
354 3657 479 3699 acumen
510 3639 599 3699 iactet
625 3645 714 3715 atque
742 3643 884 3707 ostentet;
919 3638 945 3698 is
973 3637 1137 3699 doctrinam
1167 3645 1329 3717 comparat,

185 3766 244 3809 non
267 3756 300 3809 ut
327 3766 393 3810 sese
420 3757 508 3828 atque
536 3748 608 3809 alios
636 3765 795 3825 germanae
823 3749 984 3828 sapientiae
1012 3746 1176 3809 luminibus
1205 3746 1331 3809 illustret

186 3859 379 3936 adiuvetquo,
410 3859 463 3919 sed
492 3868 524 3919 ut
553 3858 743 3919 doctissimus
771 3866 860 3937 atque
889 3859 1144 3938 ingeniosissimus
1172 3857 1328 3919 habeatur:

185 3969 264 4045 quod
288 3971 344 4030 nisi
367 3979 449 4031 recta
472 3971 516 4031 via
540 3969 681 4045 consequi
697 3969 822 4051 poterit,
846 3967 891 4029 vel
914 3986 962 4038 ea,
987 3985 1062 4046 quae
1078 3970 1232 4029 verissime
1254 3968 1330 4029 iudi·

185 4087 245 4148 cat,
276 4086 425 4160 tamquam
455 4078 526 4141 laisa
550 4080 749 4159 impugnabit,
780 4097 814 4141 ac
841 4097 917 4159 quac
944 4081 1008 4159 ipse
1036 4078 1232 4160 improbanda
1261 4098 1330 4158 per·

182 4191 325 4267 spexerit,
360 4193 451 4252 tutari
473 4190 706 4271 pertinacissime
729 4199 759 4252 ct
781 4190 942 4251 defendere
965 4208 1055 4252 vanae
1082 4188 1224 4269 gloriolae
1247 4191 1329 4268 cupi-

252 4425 276 4489 1)
297 4423 355 4492 [Cf.
375 4442 493 4492 prooem.
512 4423 684 4489 praecedens
701 4444 728 4493 p.
747 4429 763 4478 ὃ
780 4449 814 4470 =
832 4424 887 4495 ub]

119 4544 255 4632 ’ἱ
