2866 4912
582 253 731 364 „ik

171 473 268 534 Fuere
290 482 388 535 autem
404 466 566 554 Ὅπλητες
580 475 704 544 milites,
728 489 802 551 quos
818 470 992 534 Plutarchus
1010 490 1045 532 ex
1062 468 1230 533 recentiore

85 603 140 645 usu
163 575 299 657 ὁπλίτας
326 592 424 655 vocat,
453 584 560 646 Strabo
592 579 764 664 φύλακας,
792 581 945 644 Platonico
972 601 1084 660 genere
1113 581 1231 642 dicendi

87 696 117 754 in
133 694 175 754 lle
191 693 323 774 publiea,
347 693 468 755 Timaeo
491 704 520 755 et
535 695 623 756 Critia
639 696 776 773 inprimis
798 693 899 762 obvio;
924 691 1031 753 deinde
1050 685 1231 772 Ἀργάδεις,

87 806 136 884 qui
159 804 225 865 aliis
248 800 450 884 δημιουργοί
470 804 623 874 dicuntur,
652 812 721 866 sunt
749 805 884 885 opifices,
913 803 984 864 dicti
1012 804 1096 883 quasi
1116 796 1232 883 ’lierda

86 911 172 992 daeg,
202 913 280 993 quod
311 932 417 975 nomen
441 922 486 975 est
507 915 584 995 apud
607 915 814 977 Plutarchum:
845 931 943 994 neque
966 916 1046 974 enim
1069 915 1139 974 satis
1161 931 1230 993 pro·

87 1022 224 1084 habiliter
246 1025 452 1104 interpreteris
474 1026 615 1106 rusticos,
639 1024 708 1087 licet
724 1025 845 1086 Graecis
867 1023 968 1104 ἔργον
990 1025 1144 1103 proprium
1168 1024 1231 1084 lere

87 1135 125 1193 sit
149 1133 186 1194 de
208 1132 310 1196 labore
332 1136 413 1214 agris
435 1134 568 1197 colendis
583 1137 732 1216 impenso:
756 1129 950 1215 Αίγικόρεις
972 1143 1069 1194 autem
1087 1152 1147 1195 non
1163 1151 1232 1212 pos·

86 1252 155 1304 sunt
177 1262 242 1305 esse
265 1241 329 1314 ahi,
358 1263 446 1325 quam
476 1253 613 1326 pastores
635 1246 798 1327 pecudum,
829 1245 983 1305 utorium
1012 1251 1040 1305 et
1062 1263 1231 1324 caprarum,

89 1372 164 1431 quos
187 1362 416 1416 consentaneum
448 1366 494 1416 est
522 1355 662 1434 dignitate
690 1355 794 1417 ultimo
822 1357 915 1416 luisse
937 1353 1002 1414 loeo
1025 1353 1151 1415 habitos.
1196 1357 1233 1415 tt

87 1466 180 1524 maior
203 1464 362 1526 dilhrultas
392 1473 436 1525 est
459 1466 546 1537 haec,
576 1468 694 1543 quinam
722 1467 833 1527 inerint
858 1459 1053 1542 Τελέοντες,
1082 1464 1231 1543 iidemque

86 1574 142 1634 hoc
165 1575 229 1653 ipso
252 1577 372 1636 nomine
394 1574 533 1656 appellati
555 1578 614 1637 sint
636 1595 672 1638 an
695 1578 794 1657 potins
808 1570 991 1648 Γελέοντες
1011 1559 1061 1636 aut
1083 1569 1232 1636 seriov-

85 1703 147 1756 τες.
193 1684 290 1745 Locus
313 1660 360 1746 esi
381 1688 459 1747 enim
481 1687 545 1747 lere
567 1685 678 1757 nullus,
709 1689 781 1764 quin
803 1687 906 1766 scripti
936 1684 1064 1765 editique
1091 1684 1160 1746 libri
1181 1702 1230 1744 va·

85 1795 164 1854 rient
190 1796 221 1855 in
249 1793 306 1854 hoc
335 1793 495 1857 vocabulo:
530 1798 560 1856 in
590 1796 732 1877 Euripide
759 1788 873 1859 tantum
903 1803 932 1856 et
962 1795 1083 1857 Polluce
1112 1793 1230 1876 [omnes

85 1904 237 1984 hueusque
261 1904 338 1984 noti]
362 1905 479 1967 codices
502 1908 629 1986 primam
652 1908 829 1987 scripturam
852 1913 955 1967 tenent
976 1907 1228 1967 constantissime:

85 2015 163 2094 apud
186 2013 368 2075 herodotum
398 2017 428 2076 in
459 2015 575 2078 duobus
606 2026 720 2079 tentum
748 2017 881 2097 scriptis,
913 2015 1085 2078 hshewiano
1109 2023 1138 2076 et
1160 2016 1230 2076 Pas·

85 2126 203 2193 sioneo,
232 2143 266 2184 ac
287 2126 415 2186 sortasse
437 2126 468 2185 in
491 2126 640 2197 hlediceo,
669 2126 821 2187 Teleontis
843 2144 952 2187 nomen
976 2124 1170 2206 reperiturh,
1199 2128 1230 2185 in

85 2233 219 2310 plurimis
246 2244 400 2312 comparet
428 2234 572 2324 Geleon,¹
591 2237 717 2316 perinde
753 2245 840 2313 atque
868 2239 898 2296 in
927 2234 1069 2314 Stephani
1098 2236 1230 2314 Byzantii

86 2342 169 2402 lihris
191 2343 342 2403 veteribus
365 2342 447 2422 [cnm
470 2344 512 2403 ibi
536 2344 622 2423 vulgo
644 2345 760 2424 legatur
782 2341 972 2425 Teleontes]:
1003 2364 1036 2405 ea
1067 2364 1134 2405 rero
1157 2347 1230 2404 scri·

86 2459 187 2530 ptura,
210 2469 297 2529 qrram
320 2453 408 2513 tertio
430 2451 497 2513 loeo
518 2455 618 2533 posui,
643 2474 678 2515 ex
702 2457 790 2516 unius
813 2453 963 2515 Plutarchi
985 2453 1119 2514 codicum
1142 2455 1229 2513 vesti·

85 2563 141 2640 giis
164 2561 250 2622 ducta
274 2569 332 2632 est,
356 2569 386 2621 et
409 2572 512 2624 nostro
528 2563 646 2644 quidem
668 2564 776 2625 iudicio
799 2563 924 2624 debetur
940 2563 1082 2635 librariis,
1110 2564 1161 2642 qui
1183 2562 1229 2624 lit·

85 2682 164 2732 teras
187 2669 352 2733 simillimas
373 2674 404 2733 A
431 2683 460 2733 et
481 2677 514 2734 A
528 2677 776 2754 pertentaverint,
801 2689 870 2743 nec,
894 2674 1026 2752 quemvis
1050 2669 1230 2746 Γεὸἑοντες

84 2783 201 2862 possint
223 2782 328 2843 haberi
343 2779 379 2842 οἱ
390 2776 453 2864 τήν
468 2781 533 2865 γῆν
547 2782 712 2863 ὃαίοντες,
736 2782 822 2864 vulgo
837 2785 906 2846 dicti
921 2779 1096 2865 γεωμόροι,
1119 2786 1229 2845 mereri

84 2891 206 2961 videtur,
230 2900 263 2952 ut
285 2894 312 2953 ei
335 2892 446 2955 diutius
468 2894 666 2957 inhaerescas.
711 2895 769 2957 Sed
792 2897 959 2976 scripturae
981 2888 1161 2968 Γελέοντες
1182 2897 1227 2955 in·

83 3005 197 3082 signem
225 3004 429 3065 auctoritatem
464 3005 602 3066 conciliat
630 3005 759 3067 Marmor
793 3004 984 3087 Cyzicenum,
1018 3007 1047 3066 in
1081 3022 1139 3083 quo
1172 3005 1228 3065 hoc

85 3112 223 3175 distincte
246 3120 400 3175 exaratum
423 3113 595 3194 cerniturh.
628 3113 906 3196 [„Concedendum
929 3116 1020 3194 igitur
1042 3115 1120 3196 apud
1142 3115 1228 3176 lones

85 3359 169 3409 ΤΩΝ.
181 3355 208 3424 *]
230 3359 386 3421 (Muretorii
404 3360 488 3410 lectio
507 3360 683 3412 confirmetur
706 3361 865 3428 apographo
888 3360 1019 3426 destini,
1042 3362 1104 3412 ride
1128 3362 1227 3412 lemma

83 3444 114 3495 C.
133 3444 154 3493 l.
174 3443 205 3496 G.
225 3445 257 3495 N.
275 3443 362 3506 3079.)

152 3525 181 3593 1)
195 3529 236 3578 Ex
247 3528 291 3578 his
303 3530 412 3594 recepit
421 3529 586 3593 Gronovius,
599 3531 711 3581 iubente
725 3532 790 3581 olim
803 3532 840 3582 Is.
852 3531 1017 3582 Caseubono
1030 3531 1065 3581 ud
1078 3530 1170 3582 Strab.
1181 3530 1227 3584 tc.

150 3611 177 3680 2)
196 3614 257 3677 „On
275 3611 309 3662 lit
327 3613 533 3663 distinetement
545 3629 592 3664 sur
603 3613 628 3665 le
642 3615 751 3667 Merbre
763 3615 1019 3669 unctionum
1041 3615 1165 3666 Belleius
1184 3613 1228 3665 vel

83 3698 231 3762 Cuylusius
248 3696 267 3749 l.
285 3713 307 3747 c.
328 3713 354 3762 p.
373 3700 430 3748 209.
452 3695 508 3765 [Oi.
528 3698 663 3749 Belleium
685 3701 721 3754 ib.
745 3718 772 3767 p.
791 3703 848 3753 208.
876 3700 951 3751 Idem
973 3704 1094 3751 testatur
1111 3698 1227 3750 Odofre·

82 3783 133 3833 dus
151 3781 284 3833 Miillerus
303 3782 350 3846 qui
368 3781 488 3848 lapidem
508 3782 596 3833 denuo
615 3781 758 3852 inspexit]
786 3782 893 3850 [⁸ddde
905 3785 1002 3836 Teium
1022 3782 1131 3834 titulum
1144 3798 1227 3847 supra

83 3883 109 3933 p.
128 3871 161 3918 to
180 3867 242 3917 adn.
259 3869 275 3915 2
295 3864 457 3933 allatum.*]
495 3865 633 3935 [,‚Neque
656 3871 790 3920 incertam
812 3870 905 3920 indico
927 3869 1042 3920 eundem
1061 3869 1226 3932 scripturam

83 3969 109 4004 n.
128 3952 195 4001 3664
214 3990 220 4002 .
241 3990 248 4004 .
267 3993 274 4007 .
295 3989 301 4001 .
320 3967 435 4017 eamque
455 3954 515 4018 ipse
533 3955 644 4004 restitui
662 3955 702 4016 (in
720 3954 790 4005 Teio
808 3953 901 4017 titulo)
919 3971 945 4004 n.
964 3956 1041 4006 3079.
1064 3951 1107 4000 lix
1126 3952 1226 4016 quibus

83 4037 160 4086 Telis
172 4036 401 4102 inscriptionibus
418 4037 493 4103 prior
510 4042 583 4102 tum,
602 4054 684 4103 quum
698 4039 955 4089 commentationem
968 4037 1001 4086 de
1015 4036 1142 4087 tribubus
1154 4024 1227 4085 aiti-

83 4122 123 4171 cis
141 4122 256 4186 primum
274 4121 396 4181 ederem,
414 4122 533 4172 nondum
552 4123 665 4187 cognitu
684 4121 751 4178 futu
771 4123 831 4186 ipse
843 4125 936 4172 tumen
955 4121 1070 4187 posthoc
1081 4120 1184 4187 primus
1199 4125 1229 4170 et

82 4206 158 4257 solus
176 4208 235 4258 eius
254 4206 382 4257 notitiem
400 4207 598 4257 communicavi
620 4207 647 4254 in
667 4212 733 4256 note
755 4207 782 4256 ei
801 4207 1025 4257 commentationi
1042 4205 1140 4256 addita
1159 4205 1225 4269 (vid.

82 4290 371 4342 Muscritcsntnbr.
400 4287 530 4354 [Seebod.
549 4296 578 4340 et
596 4306 680 4356 supra
698 4308 723 4357 p.
743 4294 776 4342 to
794 4291 855 4344 adn.
874 4288 938 4357 2.]),
956 4307 1008 4342 nec
1027 4291 1113 4343 merui
1130 4292 1227 4358 opinor
1303 4306 1310 4314 ·

84 4375 196 4426 Godoir.
220 4374 372 4425 ilermnnni
397 4371 426 4437 (l.
446 4389 469 4423 c.
489 4391 514 4439 p.
534 4374 645 4437 XXVI)
665 4375 903 4440 reprehensionem
929 4377 1001 4443 qnod
1025 4392 1085 4428 enm
1104 4376 1225 4438 titulum,

81 4476 161 4525 quern
180 4477 213 4510 ex
232 4460 293 4509 sols
312 4475 373 4511 meu
392 4460 575 4510 annotatione
593 4466 689 4524 noret,
713 4461 827 4512 silentio
845 4462 1071 4526 praeterissem.¹¹
1107 4461 1138 4512 (l.
1157 4461 1178 4512 l.
1193 4461 1225 4510 G.

988 4563 1027 4615 ⁴·
