2866 4912
656 226 806 325 ’,μ’

161 436 231 518 quid
254 435 395 505 obsecro,
422 453 480 496 non
502 436 559 496 iam
582 435 691 515 poterit
706 434 802 495 sitici?
832 431 951 496 Scilicet
965 432 1133 493 Athenaeus
1155 434 1218 513 ipse
1237 432 1309 494 huio

161 547 294 626 opinioni
328 564 432 626 parum
461 544 614 606 confidens
646 546 770 606 tortasse
804 545 890 604 etiam
925 546 1080 605 mentitum
1110 562 1175 604 esse
1206 541 1306 626 Xeno·

161 656 301 736 phantom
325 656 410 724 dicit,
433 655 484 716 uhi
506 664 573 735 post
587 657 742 717 recitatum
757 655 961 736 Xenophontis
976 653 1074 716 iocum
1090 653 1171 713 addit
1186 653 1260 714 haee
1270 651 1306 731 ¹J:

150 762 223 828 Ὅτι
244 761 308 846 μὲν
330 751 393 827 οὖν
414 757 544 831 τούτων
565 759 667 827 οὐδὲν
689 767 802 847 stoque
817 763 1031 843 Παυσανίας,
1054 761 1159 838 ἔξεστι
1181 765 1308 842 μαθεῖν

162 873 200 939 ἐκ
232 871 293 938 τοῦ
320 873 505 948 Πλάτωνος
533 875 744 955 Συμποσίου.
801 873 1002 938 Παυσανίου
1035 870 1100 954 γάρ
1134 867 1196 936 οὐκ
1230 866 1308 935 οἶδα

161 984 379 1069 σύγγραμμα·
414 976 489 1048 οὐδ’
526 982 674 1066 εἰσῆκται
708 979 788 1066 παρ’
824 979 914 1068 dorp
947 984 1061 1046 λαλῶν
1099 971 1196 1058 οὗτος
1228 982 1308 1066 περί

160 1093 308 1179 χρήσεως
330 1091 481 1178 ἐραστῶν
502 1091 559 1159 καί
581 1094 764 1175 παιδικῶν,
786 1087 808 1177 ἢ
830 1091 921 1175 παρά
936 1092 1111 1158 Πλάτωνι·
1133 1096 1223 1176 πλήν
1241 1099 1308 1158 είτε

161 1207 382 1282 κατέψευσται
396 1207 495 1269 τοῦτο
509 1205 688 1288 Ξενοφῶν,
712 1202 770 1268 είτ’
794 1201 903 1279 ἄλλως
916 1205 1133 1291 γεγραμμένῳ
1152 1207 1198 1290 τῷ
1214 1204 1307 1268 Πλά-

160 1314 423 1399 τωνοςένέτυχε
446 1317 647 1401 Συμποσίῳ,
671 1317 857 1397 παρείσθω.
901 1319 962 1379 Vah
989 1320 1131 1380 miserum
1154 1318 1305 1396 magistel-

117 1447 148 1497 14
163 1430 238 1492 ium!
281 1429 394 1492 Tamne
415 1429 521 1491 stolide
543 1447 721 1511 quemquam
743 1429 780 1490 de
802 1430 865 1490 viro
888 1430 1015 1490 maxime
1037 1431 1086 1508 pio
1108 1447 1143 1491 oe
1164 1428 1306 1506 religioso

162 1541 384 1620 pronuntiasse!
412 1540 525 1601 Tantae
548 1547 709 1602 naseuntur
731 1537 932 1609 difficultates,
955 1541 980 1601 si
1002 1540 1186 1602 Athenaeum
1209 1540 1306 1600 secuti

162 1660 339 1728 ceterosque
360 1651 450 1713 huius
465 1652 630 1712 sententiae
652 1657 795 1730 patronos
809 1649 1016 1729 Xenophontei
1031 1649 1191 1711 Pausaniae
1215 1650 1306 1710 verba

163 1781 197 1823 ex
220 1760 372 1823 Platonico
395 1761 551 1842 Symposio
579 1762 733 1822 statuimus
761 1761 935 1841 deprompta
964 1779 1045 1823 esse:
1075 1778 1184 1838 eaque,
1215 1778 1305 1838 qnam

162 1872 328 1935 Athenaeus
354 1872 491 1953 inprimis
518 1874 659 1950 exagitat.
693 1870 785 1932 muito
814 1880 859 1932 est
892 1873 1026 1942 minimo,
1060 1871 1138 1952 quod
1166 1880 1305 1933 accurata

163 1990 331 2062 temporum
346 1961 473 2044 'servata
505 1983 621 2044 ratione
648 1981 881 2061 Xenophonteus
911 1982 988 2061 apud
1017 1979 1138 2043 Calliam
1167 1982 1306 2043 Socrates
1352 1992 1365 2007 “

164 2111 222 2154 non
246 2100 362 2173 poterat
383 2091 606 2173 reprehendere
628 2111 676 2162 ea,
706 2110 780 2172 queo
803 2092 964 2170 Agathonis
991 2094 1129 2153 convivae
1158 2091 1305 2162 dixerant,

161 2206 272 2284 quippe
299 2221 389 2284 quum
418 2203 496 2284 apud
517 2202 701 2282 Agathonem
728 2211 865 2283 quattuor
892 2202 1012 2264 demum
1041 2204 1126 2263 annis
1147 2209 1213 2282 post
1235 2221 1305 2263 coe-

163 2323 262 2376 natum
286 2311 407 2391 osset²h
429 2316 550 2395 ineptus
572 2313 652 2375 enim
674 2311 843 2376 censendus
865 2320 910 2373 est
931 2314 971 2384 is,
996 2315 1046 2391 qui
1069 2312 1136 2374 talia
1159 2313 1194 2373 ad
1211 2312 1304 2373 histo-

161 2426 223 2487 riae
245 2425 332 2486 iidem
354 2433 439 2506 putet
458 2426 549 2486 fuisse
572 2424 725 2503 adigenda.

245 2535 322 2607 Quid
346 2538 435 2615 igitur
463 2535 596 2597 videtur?
640 2535 717 2597 Num
747 2536 804 2596 iam
833 2533 991 2596 credemus
1018 2534 1225 2614 Xenophontis
1252 2534 1305 2595 iiio

160 2646 226 2707 ioco
249 2645 430 2709 Platonicam
452 2647 483 2706 in
506 2646 662 2726 Symposio
685 2645 836 2707 emendari
863 2646 1059 2705 sententiam?
1103 2643 1305 2724 Ampieotatm·

162 2756 232 2826 hoo,
261 2759 313 2836 qni
340 2755 430 2817 votet:
460 2753 546 2816 nohis
572 2755 628 2816 aiia
656 2754 826 2833 quaerenda
852 2755 897 2814 ria
923 2763 977 2816 est.
1023 2754 1059 2815 Et
1081 2755 1210 2815 Weiskio
1238 2758 1304 2834 qui·

161 2866 244 2937 dom,
268 2874 367 2927 cetera
389 2866 572 2946 ineptissime
587 2865 762 2946 disputanti,
786 2864 822 2925 ad
845 2865 1008 2926 Pausaniae
1021 2864 1166 2946 quendam
1182 2865 1303 2937 librum,

161 2996 219 3057 quo
243 2975 404 3037 masculum
427 2975 610 3037 defendisset
631 2994 778 3046 amorem,
801 2974 954 3037 videbatur
976 2976 1221 3055 confugiendum:
1253 2978 1305 3055 qni

161 3105 177 3147 a
201 3086 383 3148 Schneidero
405 3088 504 3148 minus
525 3086 654 3158 idoneis,
683 3094 716 3148 ut
738 3105 793 3165 ego
816 3085 960 3156 arbitror,
988 3089 1170 3165 argumentis
1192 3087 1302 3148 reiuta·

161 3204 223 3267 tus,
252 3216 349 3277 nuper
372 3205 529 3278 patronum
551 3199 663 3258 invenit
685 3198 950 3278 promptissimum,
981 3197 1029 3258 Fr.
1052 3195 1302 3277 Thiersohium³)‚

162 3309 213 3388 qui
234 3327 298 3369 rem
321 3327 357 3369 eo
379 3307 515 3380 deduxit,
539 3317 571 3370 ut
593 3317 622 3369 et
636 3307 816 3388 Xenophon,
841 3327 916 3388 quae
939 3307 976 3368 de
990 3309 1136 3368 Pausania
1157 3309 1243 3377 dicit,
1268 3327 1304 3368 ex

162 3420 226 3479 eius
247 3417 347 3479 iiheiio
370 3418 515 3498 hausisse,
539 3428 569 3479 et
583 3417 665 3480 Piato
688 3427 749 3480 tum
767 3419 930 3480 Pausaniae
952 3419 1117 3480 orationem
1140 3417 1209 3478 hino
1232 3437 1300 3478 con·

162 3618 390 3627 ——-—-—--

231 3743 256 3806 ι)
274 3742 322 3795 uu.
341 3745 366 3793 v
383 3759 410 3808 p.
429 3744 479 3794 oro
497 3744 531 3794 u.

228 3824 255 3894 2)
273 3827 373 3878 Athen.
391 3826 409 3876 l.
429 3844 451 3880 e.
489 3819 529 3878 To*
547 3823 580 3879 δὲ
599 3820 674 3878 κατά
692 3819 759 3886 τούς
777 3817 896 3892 χρόνους
919 3816 1068 3892 ἀστόχημα
1087 3820 1210 3879 λεκτέον.
1238 3821 1304 3890 Ἀρι-

161 3911 260 3975 στίων,
278 3903 326 3978 ἐφ’
348 3897 382 3965 οὗ
400 3904 432 3963 τὸ
452 3903 610 3975 συμπόσιον
628 3903 778 3963 ὑπόκειται
792 3905 984 3977 συνηγμένον,
1003 3904 1057 3977 πρὸ
1076 3903 1219 3977 τεσσάρων
1232 3902 1304 3961 ἐτῶν

162 3988 306 4063 Εὐφήμου
327 3990 464 4063 πρότερος
485 3985 586 4063 ἧρξεν,
609 3988 681 4048 καθ’
704 3984 738 4047 ὃν
763 3986 885 4047 Πλάτων
908 3987 943 4047 τά
967 3985 1126 4061 Ἀγάθωνος
1151 3991 1305 4062 νικητήρια

161 4076 320 4148 γέγραφεν,
339 4074 370 4134 ἐν
388 4077 433 4142 οἷς
451 4080 623 4141 Παυσανίας
641 4074 677 4132 τά
693 4077 758 4146 περί
777 4077 833 4132 τῶν
851 4073 992 4145 ἐρωτικῶν
1011 4074 1201 4145 διεξέρχεται·
1226 4080 1304 4130 θαυ-

161 4159 271 4233 μαστὸν
289 4152 341 4218 οὖν
359 4165 407 4217 καί
428 4165 598 4230 τερατῶδες,
618 4161 646 4218 εί
663 4158 698 4217 τά
716 4160 800 4232 μήπω
818 4160 962 4232 όηθέντα,
982 4159 1053 4231 μετά
1072 4159 1105 4216 δὲ
1118 4159 1240 4228 τέτταρα
1254 4159 1304 4231 ἔτη

162 4243 385 4318 ἐπιχειρηθέντα
402 4241 471 4314 παρ’
488 4243 643 4317 Ἀγάθωνι,
669 4243 825 4318 Σωκράτης
842 4243 920 4318 παρά
939 4249 1051 4317 Καλλίᾳ
1070 4248 1196 4302 δειπνῶν
1215 4241 1305 4302 εὐθά-

162 4351 207 4390 νει
224 4327 259 4388 οὗ
278 4327 402 4394 δεόντως
419 4330 560 4401 (ip-idne.

229 4428 257 4494 3)
276 4427 356 4496 Speo.
375 4429 417 4480 ed.
436 4428 559 4493 Sympos.
578 4428 650 4479 Plat.
670 4444 696 4494 p.
717 4430 731 4477 'i
749 4444 808 4493 sqq.
