2866 4912
682 254 724 317 59

624 341 773 350 -.--..-.

129 479 163 519 ox
187 477 279 521 censu
301 460 538 540 praestabantur,
562 460 613 521 sed
637 459 674 520 ab
697 460 888 522 interioribus
905 460 1099 539 exigebantur
1123 462 1268 533 tribubus,

128 571 261 650 inprimis
283 569 336 631 abs
359 568 560 632 Teleontibus.
598 569 664 632 Non
687 573 785 631 omnia
800 579 898 633 tamen
921 573 1039 652 periere
1061 575 1177 652 priscae
1200 592 1269 634 con·

129 680 247 741 ditionis
269 682 405 760 vestigia:
432 697 571 760 agrorum
594 683 673 742 enim
695 681 879 753 diuisionem,
902 700 990 761 quam
1013 681 1173 744 Plutarcho
1195 691 1270 746 teste

129 789 296 870 postulabat
325 789 410 871 plebs
439 793 470 853 in
500 791 710 853 detrimentum
738 791 911 872 Hopletum,
945 791 1051 871 quibus
1085 802 1116 853 ut
1144 793 1270 855 dominis

18 939 25 945 -
128 902 250 963 obnoxii
272 910 357 964 erant
379 903 499 973 rusrtoi,
522 903 614 965 Solon
638 920 697 963 non
720 904 857 964 sustinuit
880 901 1022 982 lacere¹):
1055 912 1084 964 el
1106 902 1270 965 Clisthenes

127 1012 302 1092 pbraturum
326 1022 357 1073 et
378 1011 533 1090 gentilium
557 1012 695 1074 sodalicia
719 1032 784 1075 cum
809 1015 938 1093 antiquis
960 1013 1096 1075 tribubus
1118 1014 1269 1092 rebusque

128 1122 219 1184 sacris
241 1123 397 1184 coniuncta
420 1123 554 1201 religioni
576 1123 660 1185 duxit
682 1123 855 1185 dissolvere.
864 1120 886 1202 ²)

213 1232 289 1304 Ouid
316 1234 407 1311 igitur
440 1232 521 1294 vobis
555 1233 681 1304 videtur,
714 1232 945 1309 commilitones:
981 1236 1038 1294 iam
1072 1237 1150 1294 enim
1184 1235 1270 1296 nobis

127 1341 294 1423 appellandi
317 1346 403 1405 estis:
434 1346 599 1405 maioresne
622 1346 751 1406 Graecos
777 1343 885 1413 luisse,
914 1345 977 1423 qui,
1007 1353 1039 1403 ut
1066 1362 1121 1404 nos
1150 1346 1268 1422 quidem

127 1452 323 1524 arbitramur,
352 1473 442 1533 quum
465 1455 549 1514 initio
571 1453 766 1516 Orientalium
790 1462 889 1515 essent
910 1452 1087 1534 populorum
1111 1454 1187 1516 baud
1211 1454 1269 1515 dis-

127 1562 240 1624 similes
269 1573 299 1625 et
326 1562 544 1643 quodammodo
572 1562 624 1625 lllii
651 1582 686 1624 ac
712 1563 863 1645 discipuli,
892 1564 1056 1647 iisdemque
1085 1565 1268 1644 constringe-

127 1681 232 1734 rentur
255 1674 393 1744 rinculis,
422 1675 531 1754 quibus
554 1674 793 1755 impediebantur
815 1674 870 1745 illi,
899 1677 1057 1755 quominus
1086 1694 1149 1736 rem
1172 1675 1269 1754 publi·

127 1803 207 1853 cam,
231 1783 436 1855 domesticam,
465 1784 654 1852 litterariam,
684 1784 813 1863 donique
841 1803 941 1846 mores
969 1792 998 1846 et
1026 1787 1170 1846 rationem
1193 1788 1269 1847 vitae

128 1896 294 1955 universam
318 1894 536 1957 liberalioribus
558 1903 761 1975 temperarent
789 1905 819 1955 et
840 1896 982 1957 institutis
1005 1904 1034 1956 et
1056 1895 1184 1974 legibuS,
1216 1895 1269 1958 bas

107 1988 211 2082 ‘quasi
234 2005 392 2085 compedes
419 2009 569 2088 rupissent
598 2015 687 2085 atque
714 2007 928 2075 excussissem,
958 2023 1101 2082 suamque
1129 2005 1185 2066 sibi
1212 2008 1268 2085 ipsi

127 2116 319 2177 munivissent
342 2118 415 2177 riam
440 2115 476 2177 ad
500 2115 713 2196 elegantiorum
737 2117 844 2178 artium
867 2115 961 2177 studia
984 2117 1071 2177 unice
1094 2115 1266 2185 ducentem;
1295 2191 1296 2194 Ἴ

127 2244 162 2286 an
191 2227 242 2305 qui
270 2229 367 2287 statim
396 2246 412 2287 a
441 2227 603 2306 principio,
638 2226 887 2304 quemadmodum
916 2223 1039 2286 aliorum
1068 2227 1167 2306 opinio
1200 2227 1267 2295 lert,

128 2343 250 2397 naturae
288 2334 433 2396 benelicio
467 2336 596 2414 quodam
624 2338 655 2397 in
694 2355 729 2396 eo
763 2345 863 2396 essent
892 2334 958 2395 loco
995 2338 1161 2404 constituti,
1195 2336 1268 2397 nibil

128 2453 160 2505 ut
182 2446 218 2505 iis
246 2444 372 2525 amplius
405 2447 509 2507 luisset
536 2446 698 2524 agendum,
734 2446 791 2505 nisi
824 2453 856 2504 ut
878 2447 995 2524 incepta
1031 2446 1074 2504 via
1109 2453 1269 2524 pergerent

20 2568 25 2582 ·
127 2555 258 2624 lortiter,
287 2572 423 2632 quaeque
450 2574 467 2615 a
494 2562 588 2616 matre
610 2555 738 2632 benigno
767 2555 951 2634 accepissent
984 2553 1075 2624 bona,
1110 2553 1267 2633 diligentur

128 2665 300 2726 tuerentur?
343 2665 448 2726 Nonne
471 2668 569 2744 magni
599 2675 681 2735 sunt,
711 2668 759 2743 qui
784 2684 850 2726 sese
878 2673 936 2725 tam
966 2675 1079 2726 mature
1102 2666 1267 2744 emancipa-

127 2777 205 2836 rint?
233 2774 340 2835 deinde
368 2777 418 2855 qui
446 2794 537 2854 quum
567 2793 639 2837 nora
667 2777 835 2837 invenerint
862 2775 1005 2854 plurima,
1036 2782 1097 2836 tum
1124 2775 1267 2855 quidquid

127 2886 163 2946 ab
186 2884 250 2946 aliis
273 2884 411 2947 traditum
435 2895 513 2947 esset
527 2887 750 2967 imperfectum,
774 2888 804 2947 in
826 2905 889 2947 rem
906 2905 988 2948 suam
1005 2887 1156 2961 verterint,
1180 2904 1268 2946 orna·

128 2998 236 3066 verint,
261 2997 411 3066 auxerint,
436 2996 471 3056 ad
493 3010 637 3058 suminam
661 2997 841 3058 adduxerint
861 2998 1096 3077 perlectionem?
1125 2995 1266 3076 [‚,quam·

128 3124 215 3183 quam
239 3124 276 3165 ne
299 3105 335 3166 ab
350 3107 434 3165 initio
450 3107 567 3184 quidem
584 3113 642 3168 tam
659 3109 749 3168 certis
762 3107 870 3168 tinibus
885 3108 1029 3182 disiuncta
1045 3107 1121 3187 apud
1137 3109 1268 3170 Graecos

127 3235 213 3295 quam
237 3216 313 3296 apud
336 3218 495 3296 Aegyptios
518 3217 561 3279 vel
585 3217 672 3278 ludos
695 3219 770 3278 uitae
789 3235 899 3297 genera
922 3218 1011 3278 luisse
1035 3194 1266 3279 consentaneum

64 3306 67 3312 ’
127 3336 184 3395 est,
208 3326 259 3387 sed
283 3335 419 3396 eatenus,
442 3334 587 3406 quatenus
609 3329 672 3406 ipsa
696 3337 814 3397 natura,
838 3326 892 3389 soli
910 3330 1077 3407 ingenium,
1101 3329 1179 3388 varia
1195 3345 1267 3406 gen·

127 3439 198 3496 tium
228 3438 311 3515 origo
339 3436 475 3497 ferebant
502 3438 537 3498 ad
566 3438 680 3499 diversa
710 3441 826 3517 negotia
862 3439 1045 3500 tractanda.“
1097 3440 1127 3500 C.
1153 3438 1172 3498 Ι.
1198 3437 1216 3498 l.
1240 3457 1265 3495 o.

127 3567 155 3626 p.
180 3544 290 3626 usus]
328 3546 370 3607 Ad
395 3564 522 3623 quorum
546 3547 712 3626 exemplum
736 3531 833 3635 vobis,
855 3547 1087 3615 commilitones,
1112 3549 1275 3625 magistro--

126 3676 193 3717 rum
217 3657 371 3737 disciplina
394 3658 434 3717 ita
456 3657 597 3719 utendum
621 3666 679 3725 est,
708 3676 767 3719 non
791 3667 823 3718 ut
845 3659 875 3718 in
899 3675 1000 3718 eorum
1024 3657 1130 3737 placita
1153 3657 1266 3724 inretis,

54 3818 56 3821 ,
126 3766 177 3826 sed
201 3773 234 3827 ut
260 3765 422 3828 liberaliter
450 3767 557 3828 eruditi
589 3776 676 3846 atque
705 3766 828 3833 exculti,
858 3771 986 3846 reposita
1015 3758 1115 3828 mente
1141 3767 1289 3826 memori

128 3885 285 3956 praecepta
308 3883 406 3937 vestro
428 3878 548 3955 ingenio
571 3881 644 3939 scite
666 3878 883 3957 attemperetis,
912 3881 1044 3960 rationes
1066 3895 1183 3943 rerum,
1207 3893 1266 3935 uon

128 3994 263 4047 auctores
291 3988 444 4066 spectetis,
475 3992 509 4048 dc
537 3987 607 4064 quid
637 3986 673 4050 de
702 4005 819 4067 quaque
848 4004 880 4047 ro
908 3984 1096 4048 statuendum
1125 3989 1177 4054 sit,
1212 3987 1267 4065 ipsi

196 4192 207 4238 1
255 4183 346 4239 Solon.
366 4206 389 4240 c.
412 4193 450 4239 16.

194 4189 222 4337 23
241 4185 317 4338 [ffloc
335 4273 395 4323 loco
413 4187 493 4325 indm
511 4274 581 4324 fucit
598 4273 723 4324 Museum
742 4271 985 4338 Centobrigiense;
1009 4274 1130 4326 Beclrius
1149 4291 1267 4340 sequen-

125 4359 169 4432 lio
186 4360 214 4408 in
237 4358 348 4408 brevius
372 4358 512 4408 contruxit
531 4362 558 4411 et
577 4357 679 4407 desinit
701 4373 770 4407 voce
790 4357 1048 4423 ‚,perfeotionem“,
1072 4376 1142 4426 queo
1165 4360 1268 4426 legitur

127 4442 207 4494 huius
226 4443 345 4509 paginae
363 4441 382 4504 l.
401 4439 455 4509 lin]
