2866 4912
660 202 812 297 318—-

118 417 152 464 ιο
167 416 247 468 certe
270 417 336 488 post
358 407 403 469 01.
428 409 555 478 XCWH,
579 406 600 469 3
622 411 763 487 scriptum
787 405 875 487 est¹)‚
905 426 964 486 quo
992 425 1069 467 anno
1093 407 1245 468 Mantinea
1274 416 1322 468 est

164 516 312 597 eversa²)‚
347 538 526 600 quamquam
556 522 644 603 ctiam
678 518 713 579 ad
743 518 787 578 01.
818 518 865 578 cu
895 526 993 597 potest
1026 513 1190 596 detrudiiit
1228 535 1321 595 quam

165 631 318 691 commode
342 649 411 691 vern
433 630 575 710 explicari
599 631 695 690 omnia
716 637 842 708 queant,
864 630 890 689 si
906 628 1057 688 Platonem
1073 628 1192 688 iuventa
1210 646 1324 688 recens

164 740 400 821 aXenopimnta
429 741 576 821 Symposii
606 742 699 800 imma
729 741 765 800 ad
793 740 896 800 altiora
925 757 1011 799 nsum
1041 747 1127 818 putes
1156 756 1240 808 esse,
1271 740 1318 807 iia,

165 870 239 930 (luae
262 850 416 931 hucusque
439 850 668 930 disputavimus,
692 822 1097 926 a1·bitramurostendissc⁴).

235 1155 259 1218 1)
278 1156 311 1209 V.
331 1155 415 1206 Wolf.
434 1156 529 1208 Praei.
548 1156 671 1222 Sympos.
691 1174 717 1223 p.
737 1157 794 1210 LV.

233 1256 260 1320 2)
280 1255 404 1321 Xenoph⁴
423 1254 496 1311 Heli.
515 1257 548 1318 V,
566 1259 592 1307 λ.
628 1258 709 1308 Diod.
728 1257 784 1310 Sic.
800 1259 860 1320 XV,
879 1259 903 1316 ὅ,
922 1257 985 1308 coli.
1005 1255 1165 1310 Schneider.
1186 1255 1320 1311 Chronol.

166 1341 210 1412 Cs3
229 1340 302 1393 Plat.
322 1341 447 1406 Sympon.
466 1341 543 1404 XVI,
562 1344 594 1392 10
612 1340 650 1407 (p.
669 1344 717 1392 192
735 1341 778 1404 Ε).

233 1424 261 1489 3)
281 1425 313 1475 V.
333 1424 578 1479 Schleiermacher.
599 1426 672 1481 Plat,
691 1426 721 1476 Ρ.
740 1425 777 1475 11.
796 1427 828 1479 Τ.
846 1426 888 1490 ΙΙ,
906 1443 933 1492 p.
950 1429 1008 1478 370.

232 1527 261 1593 4)
278 1528 420 1594 Expositis
438 1528 486 1589 iia,
506 1543 576 1592 quae
595 1526 628 1578 de
647 1528 842 1593 Xenophontei
855 1529 1047 1593 Platoniciqne
1061 1528 1201 1592 Sympoaii
1219 1535 1320 1582 mutua

166 1612 273 1663 ratione
293 1620 371 1664 erant
389 1612 513 1674 dicenda,
532 1628 586 1663 non
605 1613 725 1664 alienam
744 1630 761 1663 a
778 1615 918 1679 proposito
937 1613 1003 1663 mihi
1021 1613 1131 1664 videtur
1148 1629 1264 1664 monere
1285 1615 1319 1666 de

165 1698 270 1762 insigni
287 1697 479 1748 nonnullorum
497 1697 689 1763 Xenophautei
708 1697 846 1763 Sympoaii
864 1697 984 1748 locorum
1003 1712 1064 1747 cum
1082 1697 1228 1747 Platonico
1248 1699 1319 1750 Ione

167 1783 355 1848 congruentia.
389 1782 540 1846 Xenophon
559 1783 632 1832 enim
651 1783 809 1833 Niceratum
827 1782 933 1833 inducit
950 1781 984 1832 de
1003 1797 1036 1831 eo
1055 1781 1221 1846 gloriantem
1240 1788 1272 1833 et
1290 1784 1319 1833 in

166 1885 198 1918 eo
217 1868 393 1933 praecipuam
411 1872 558 1932 ponentem
576 1866 699 1931 laudem,
718 1866 789 1931 qnod
807 1868 964 1917 universam
981 1865 1099 1917 Iliadem
1118 1871 1146 1916 et
1158 1866 1320 1930 Odysseam

165 1954 297 2004 memoria
314 1957 436 2003 teneret:
456 1956 513 2001 tum
531 1951 611 2000 addit
621 1951 706 2015 111‚6
725 1944 821 2003 ἐκεῖνο
839 1943 869 2001 θ’
882 1946 939 2017 ἔφη
957 1942 973 2002 ὁ
989 1942 1184 2016 Ἀντισθένης,
1204 1947 1320 2017 λέληθέ

166 2054 210 2101 σε,
234 2029 278 2088 ὅτι
297 2033 346 2088 καλ
365 2030 395 2087 oi
415 2020 548 2104 ᾇαψῳθολ
571 2029 678 2094 πάντες
700 2027 869 2087 ἐπίστανται
893 2033 985 2087 ταῦτα
1003 2028 1039 2085 τὰ
1057 2031 1127 2100 ἔπη·
1146 2040 1187 2099 et,
1213 2030 1321 2087 Οἶσθα

165 2140 193 2173 τι
210 2108 263 2174 σόν
280 2117 382 2185 ἔθνος,
401 2114 471 2186 ἔφη,
489 2109 678 2186 ἠλιθιώτεροι
696 2114 856 2187 ραψῳθῶνς
874 2148 906 2157 -
924 2118 1015 2186 δῆλον
1038 2114 1106 2187 γάρ,
1130 2113 1188 2186 ἔφη
1212 2112 1227 2170 d
1249 2121 1320 2172 Σοσ-

165 2198 285 2274 κράτης,
304 2197 348 2258 ὅτι
366 2197 418 2264 τὰς
435 2196 576 2264 όπονοίας
594 2195 645 2255 oda
665 2197 848 2256 ἐπίστανται·
872 2198 908 2256 σύ
927 2200 960 2256 δὲ
979 2197 1185 2274 Στησιμβρότῳ
1208 2221 1240 2256 τε
1265 2205 1320 2258 καλ

161 2281 372 2360 Ἀναξιμάνδρῳ
391 2287 440 2341 καλ
459 2278 557 2349 ἄλλοις
574 2289 691 2349 πολλοῖς
708 2282 782 2341 naid
802 2284 933 2349 δέδωκας
956 2279 1106 2356 ἆρηόριον,
1130 2276 1200 2348 nicae
1224 2281 1320 2341 οὐδέν

164 2391 196 2426 σε
213 2375 270 2427 τῶν
287 2372 394 2427 πολλοῦ
413 2365 502 2438 σἰξίων
520 2369 652 2440 λέληθεν.
677 2376 730 2425 Ηίσ
747 2390 891 2440 compares
908 2374 968 2425 lon.
984 2390 1009 2439 p.
1024 2377 1074 2425 530
1092 2374 1122 2424 Β.
1141 2365 1173 2423 τὸ
1192 2365 1270 2439 μὰρ.
1288 2413 1295 2426 .
1312 2413 1319 2427 .

164 2451 325 2527 ἀναγκαῖον
338 2454 414 2512 εἶναι
428 2454 459 2511 ἔν
472 2475 502 2510 τε
512 2449 609 2519 ἄλλοις
618 2464 754 2525 ποιηταῖς
764 2457 926 2525 διατρίβειν
938 2459 1055 2518 πολλοῖς
1065 2454 1114 2509 καλ
1123 2448 1252 2523 ἇναθοῖς
1263 2459 1318 2512 καλ

165 2541 202 2612 δι)
221 2542 271 2596 καλ
289 2537 414 2610 μάλιστα
432 2537 463 2596 ἐν
476 2537 603 2613 Ὁμήρῳ,
621 2542 659 2612 τῷ
679 2534 784 2611 ἀρίστῳ
802 2540 852 2595 καλ
870 2537 1016 2607 θειοτάτῳ
1032 2541 1089 2594 τῶν
1106 2541 1244 2608 ποιητῶν,
1262 2543 1318 2597 καλ

164 2624 218 2693 τὴν
235 2620 339 2680 τούτου
362 2621 500 2679 διάνοιαν
524 2620 738 2693 ἐκμανθάνειν,
759 2620 797 2694 μι)
822 2619 911 2693 μόνον
929 2619 965 2679 τὰ
983 2622 1053 2695 ἔπη,
1077 2618 1201 2694 ζηλωτόν
1220 2618 1317 2678 ἔστιν·

165 2703 200 2764 οὖ
217 2704 272 2780 γὰρ
294 2702 331 2763 ἂν
353 2705 467 2778 γένοιτό
488 2727 558 2764 ποτε
582 2706 732 2779 ἇαψῳθός,
756 2706 783 2763 εί
806 2704 845 2777 μη
865 2711 950 2780 συνίῃ
972 2705 1007 2763 τό
1027 2705 1168 2778 λεγόμενα
1186 2704 1243 2764 ὑπὸ
1262 2712 1319 2765 τοῦ

164 2794 294 2864 ποιητοῦ.
331 2797 436 2860 (Ionem
455 2800 546 2847 autem
566 2813 600 2847 ea
617 2812 672 2846 non
689 2795 846 2860 intelligere
863 2796 965 2861 putat.)
991 2797 1031 2847 Ac
1048 2797 1141 2862 paullo
1158 2801 1222 2862 poet
1240 2797 1317 2848 Tha-

165 2882 223 2932 οἱον
240 2880 397 2947 appellatur
415 2880 620 2934 Steaimbrotua.
644 2880 681 2929 Et
699 2882 792 2946 Symp.
811 2880 859 2939 IV,
877 2881 901 2930 6.
920 2864 1081 2945 Niceratus,
1093 2872 1168 2932 Ἰστε
1186 2873 1241 2949 γὰρ
1261 2875 1317 2947 δή·

164 2981 234 3029 που,
253 2966 355 3030 inquit,
374 2954 420 3018 ότι
439 2957 454 3019 ὁ
470 2955 596 3032 Ὅμηρος
613 2955 629 3018 ὁ
648 2959 813 3030 σοφώτατος
831 2963 971 3031 πεποίηκε
990 2960 1093 3032 σχεδὸν
1110 2961 1176 3032 περὶ
1193 2961 1317 3018 πάντων

164 3048 221 3100 τῶν
239 3039 445 3114 ἀνθρωπίνων·
467 3039 545 3110 ’ὅστις
567 3037 604 3100 ἂν
621 3035 674 3100 οὖν
692 3041 772 3114 ὑμῶν
789 3040 928 3115 βούληται
945 3043 964 3117 ἢ
981 3042 1163 3117 οἰκονομικός
1181 3041 1202 3114 ἢ
1218 3047 1315 3117 δημη-

164 3128 279 3199 γορικός
297 3123 316 3202 ἢ
333 3129 520 3202 στρατηγικὸς
538 3129 690 3200 γενέσθαι,
710 3125 728 3200 ἦ
747 3122 845 3200 ὅμοιος
860 3125 981 3201 Ἀχιλλεῖ
995 3124 1013 3201 ἣ
1027 3133 1129 3187 Αἴαντι
1146 3123 1164 3200 ἦ
1184 3129 1315 3201 Νέστορι

164 3208 346 3286 ἢὈδοσσεῖ,
365 3212 414 3286 ἐμὲ
433 3217 631 3286 θεραπευέτω·
651 3211 705 3284 tyni
722 3211 777 3284 γὰρ
795 3216 888 3271 ταῦτα
904 3212 1002 3271 πάντα
1020 3212 1184 3285 ἐπίσταμαι.
1209 3220 1246 3269 Et
1265 3219 1315 3271 de-

164 3303 243 3371 inde‚
266 3301 316 3357 ιιαλ
334 3303 384 3356 ναλ
402 3300 442 3370 μοὶ
462 3299 523 3371 Δί’,
543 3298 609 3371 ἔφη,
629 3298 729 3371 ἔγωγε,
746 3293 791 3356 ότι
811 3297 1071 3372 ἅρματηλατοῦντα
1090 3303 1139 3356 δεῖ
1154 3295 1238 3370 ἒηγῦς
1257 3300 1315 3369 μὲν

164 3388 215 3456 τῆς
233 3381 336 3458 στήλης
355 3383 485 3457 κάμψαι,

368 3502 458 3560 αὐτὸν
476 3502 509 3560 θλ
528 3505 685 3576 κλινθῆναι
703 3500 837 3573 ἐῦξέστοο
855 3500 902 3561 ἐπὶ
921 3508 1030 3575 δίφρου

366 3579 415 3660 ἦκ’
434 3583 481 3645 ἐπ’
500 3583 636 3660 ἀριστερὰ
653 3597 746 3658 τοῖιν,
765 3585 838 3660 ότάρ
857 3586 907 3646 τόν
926 3586 1025 3657 δεξιόν
1042 3592 1132 3646 ἵππον

365 3672 468 3730 κένσαι
485 3668 688 3744 ὁμοκλήσαντ’,
708 3673 787 3743 εἶξαί
802 3673 833 3730 τέ
852 3673 883 3731 σί
898 3672 969 3745 ἡνία
987 3678 1093 3745 χερσίν.

164 3777 214 3832 καλ
235 3772 306 3848 πρὸς
328 3775 440 3840 τούτοις
461 3795 493 3846 με
516 3770 586 3831 dato
610 3774 691 3844 οίόα,
715 3777 766 3831 καλ
789 3773 860 3846 όμῖν
882 3770 988 3832 αότίκα
1005 3771 1074 3846 μόλ’
1094 3776 1187 3846 ἔξεστι
1209 3780 1312 3850 πειρσῖ·

164 3866 249 3916 σθαι·
278 3858 342 3917 εἷπε
364 3856 420 3931 γὰρ
436 3854 646 3931 πονὍμηρος,
671 3856 717 3916 ἐπὶ
736 3859 770 3916 di
789 3856 914 3930 κρόμυον
932 3863 1009 3930 ποτῷ
1028 3858 1118 3931 ὄψον,
1141 3872 1193 3917 etc.
1230 3867 1312 3920 Conf.

163 3949 222 4005 Ion.
242 3966 268 4015 p.
281 3951 331 4001 536
349 3950 381 4000 Ε.
398 3946 448 4001 καλ
466 3940 524 4015 μην
542 3940 635 4002 ἐθέλω
652 3966 685 4017 ηε
703 3939 840 4015 ολκοῦσαι,
860 3940 895 4000 ad
911 3943 1012 4014 μέντοι
1029 3945 1168 4017 πρότερον
1185 3949 1255 4016 πρλν
1273 3945 1312 4005 ἄν

163 4050 213 4098 μοι
235 4026 377 4101 οἷποκρίνη
400 4028 480 4087 τόδε·
504 4021 683 4101 ὧνὍμηρος
706 4029 796 4098 λέγει,
822 4030 890 4096 περὶ
913 4033 991 4095 τίνος
1013 4020 1047 4088 τό
1068 4030 1176 4101 terna·
1199 4025 1233 4087 οὗ
1255 4032 1311 4104 γὰρ

164 4113 260 4183 daimon
277 4116 344 4184 περ)
361 4110 498 4170 ἁπάντων
515 4135 555 4186 με.
574 4147 607 4156 -
627 4105 670 4172 Ed
688 4118 766 4181 iada,
789 4105 993 4183 σλΣιόκρατες,
1017 4117 1082 4184 περὶ
1101 4111 1221 4180 οὐθενός
1240 4109 1312 4175 deon

163 4192 207 4256 οὔ,
227 4209 255 4253 et
273 4220 345 4255 mox:
365 4198 428 4256 είπὲ
446 4197 485 4270 δή
502 4220 564 4271 μοι,
584 4193 603 4255 ἃ
622 4198 699 4268 λέγει
712 4200 831 4271 Νέστωρ
846 4194 993 4274 Ἀντιλόχῳ
1011 4203 1049 4274 τῷ
1067 4199 1141 4272 viai,
1160 4207 1312 4271 παραινῶν

165 4279 368 4355 εὐλαβηθῆναι
385 4281 439 4355 τὴν
456 4280 575 4355 καμπὴν
592 4279 624 4338 ἓν
642 4285 677 4352 τῇ
695 4281 874 4360 ίπποθρομίῳ
893 4286 928 4353 τῇ
946 4279 994 4340 ἐπὶ
1012 4282 1179 4362 Πατρόκλῳ.
1197 4317 1229 4328 -

315 4388 472 4456 κλινθῆναι
491 4384 539 4457 δὲ,
559 4386 645 4457 φησί,
665 4387 714 4441 καλ
735 4379 821 4450 αότός
839 4382 962 4458 ἔῦξέστῳ
981 4382 1033 4465 ἓν),
1044 4389 1151 4460 δίφρῳ,
1233 4370 1238 4378 ’
