<?xml version="1.0" encoding="UTF-8"?>
<!DOCTYPE html PUBLIC "-//W3C//DTD XHTML 1.0 Transitional//EN"
    "http://www.w3.org/TR/xhtml1/DTD/xhtml1-transitional.dtd">
<html xmlns="http://www.w3.org/1999/xhtml" xml:lang="en" lang="en">
 <head>
  <title>
</title>
<meta http-equiv="Content-Type" content="text/html;charset=utf-8" />
  <meta name='ocr-system' content='tesseract 3.04.00' />
  <meta name='ocr-capabilities' content='ocr_page ocr_carea ocr_par ocr_line ocrx_word'/>
</head>
<body>
  <div class='ocr_page' id='page_1' title='image "augustboeckhsge04bratgoog_0019.png"; bbox 0 0 2866 4912; ppageno 0'>
   <div class='ocr_carea' id='block_1_1' title="bbox 689 231 707 293">
    <p class='ocr_par' dir='ltr' id='par_1_1' title="bbox 689 231 707 293">
     <span class='ocr_line' id='line_1_1' title="bbox 689 231 707 293; baseline 0 0"><span class='ocrx_word' id='word_1_1' title='bbox 689 231 707 293; x_wconf 80' lang='lat' dir='ltr'>&#39;l</span> 
     </span>
    </p>
   </div>
   <div class='ocr_carea' id='block_1_2' title="bbox 678 322 769 329">
    <p class='ocr_par' dir='ltr' id='par_1_2' title="bbox 678 322 769 329">
     <span class='ocr_line' id='line_1_2' title="bbox 678 322 769 329; baseline 0.022 -2"><span class='ocrx_word' id='word_1_2' title='bbox 678 324 681 327; x_wconf 90' lang='lat'>.</span> <span class='ocrx_word' id='word_1_3' title='bbox 696 322 769 329; x_wconf 56' lang='grc' dir='ltr'>-ψ-</span> 
     </span>
    </p>
   </div>
   <div class='ocr_carea' id='block_1_3' title="bbox 78 436 1350 3823">
    <p class='ocr_par' dir='ltr' id='par_1_3' title="bbox 78 436 1350 3823">
     <span class='ocr_line' id='line_1_3' title="bbox 123 436 1264 511; baseline 0 -9"><span class='ocrx_word' id='word_1_4' title='bbox 123 451 187 503; x_wconf 93' lang='lat' dir='ltr'>ctus</span> <span class='ocrx_word' id='word_1_5' title='bbox 222 440 329 509; x_wconf 84' lang='lat' dir='ltr'>videri,</span> <span class='ocrx_word' id='word_1_6' title='bbox 363 439 530 501; x_wconf 88' lang='lat' dir='ltr'>enumerati</span> <span class='ocrx_word' id='word_1_7' title='bbox 563 445 634 499; x_wconf 90' lang='lat' dir='ltr'>sunt</span> <span class='ocrx_word' id='word_1_8' title='bbox 668 436 705 497; x_wconf 93' lang='lat' dir='ltr'>ab</span> <span class='ocrx_word' id='word_1_9' title='bbox 728 437 797 498; x_wconf 93' lang='lat' dir='ltr'>lano</span> <span class='ocrx_word' id='word_1_10' title='bbox 831 439 982 499; x_wconf 83' lang='lat' dir='ltr'>Cornario.</span> <span class='ocrx_word' id='word_1_11' title='bbox 1033 439 1180 511; x_wconf 88' lang='lat' dir='ltr'>Primum,</span> <span class='ocrx_word' id='word_1_12' title='bbox 1215 443 1264 511; x_wconf 89' lang='lat' dir='ltr'>ait,</span> 
     </span>
     <span class='ocr_line' id='line_1_4' title="bbox 122 548 1263 628; baseline -0.002 -15"><span class='ocrx_word' id='word_1_13' title='bbox 122 553 255 613; x_wconf 89' lang='lat' dir='ltr'>omnium</span> <span class='ocrx_word' id='word_1_14' title='bbox 278 550 362 612; x_wconf 87' lang='lat' dir='ltr'>Plato</span> <span class='ocrx_word' id='word_1_15' title='bbox 385 551 414 610; x_wconf 93' lang='lat' dir='ltr'>in</span> <span class='ocrx_word' id='word_1_16' title='bbox 432 549 587 628; x_wconf 85' lang='lat' dir='ltr'>Symposio</span> <span class='ocrx_word' id='word_1_17' title='bbox 610 566 663 608; x_wconf 91' lang='lat' dir='ltr'>suo</span> <span class='ocrx_word' id='word_1_18' title='bbox 687 548 837 609; x_wconf 74' lang='lat' dir='ltr'>tibicinam</span> <span class='ocrx_word' id='word_1_19' title='bbox 860 566 967 609; x_wconf 89' lang='lat' dir='ltr'>recens</span> <span class='ocrx_word' id='word_1_20' title='bbox 981 550 1146 627; x_wconf 83' lang='lat' dir='ltr'>ingressam</span> <span class='ocrx_word' id='word_1_21' title='bbox 1170 552 1263 612; x_wconf 87' lang='lat' dir='ltr'>elicit:</span> 
     </span>
     <span class='ocr_line' id='line_1_5' title="bbox 123 656 1271 742; baseline -0.003 -20"><span class='ocrx_word' id='word_1_22' title='bbox 123 661 288 742; x_wconf 76' lang='lat' dir='ltr'>Xenophon</span> <span class='ocrx_word' id='word_1_23' title='bbox 318 670 415 722; x_wconf 84' lang='lat' dir='ltr'>autern</span> <span class='ocrx_word' id='word_1_24' title='bbox 446 670 474 721; x_wconf 92' lang='lat' dir='ltr'>et</span> <span class='ocrx_word' id='word_1_25' title='bbox 502 659 653 720; x_wconf 83' lang='lat' dir='ltr'>tibicinam</span> <span class='ocrx_word' id='word_1_26' title='bbox 683 668 711 719; x_wconf 91' lang='lat' dir='ltr'>et</span> <span class='ocrx_word' id='word_1_27' title='bbox 738 656 918 719; x_wconf 79' lang='lat' dir='ltr'>saltatricem</span> <span class='ocrx_word' id='word_1_28' title='bbox 947 678 1002 738; x_wconf 89' lang='lat' dir='ltr'>per</span> <span class='ocrx_word' id='word_1_29' title='bbox 1024 667 1116 721; x_wconf 89' lang='lat' dir='ltr'>totum</span> <span class='ocrx_word' id='word_1_30' title='bbox 1141 661 1271 742; x_wconf 90' lang='lat' dir='ltr'>Sympo·.</span> 
     </span>
     <span class='ocr_line' id='line_1_6' title="bbox 78 768 1263 848; baseline 0 -15"><span class='ocrx_word' id='word_1_31' title='bbox 78 776 84 786; x_wconf 84' lang='lat'><strong><em>‘</em></strong></span> <span class='ocrx_word' id='word_1_32' title='bbox 122 775 198 834; x_wconf 91' lang='lat' dir='ltr'>sium</span> <span class='ocrx_word' id='word_1_33' title='bbox 223 770 357 840; x_wconf 83' lang='lat' dir='ltr'>exbibet,</span> <span class='ocrx_word' id='word_1_34' title='bbox 382 779 411 831; x_wconf 89' lang='lat' dir='ltr'>et</span> <span class='ocrx_word' id='word_1_35' title='bbox 433 773 563 848; x_wconf 91' lang='lat' dir='ltr'>ipsarum</span> <span class='ocrx_word' id='word_1_36' title='bbox 580 768 790 847; x_wconf 84' lang='lat' dir='ltr'>productorem</span> <span class='ocrx_word' id='word_1_37' title='bbox 813 771 874 830; x_wconf 87' lang='lat' dir='ltr'>sive</span> <span class='ocrx_word' id='word_1_38' title='bbox 890 771 1063 847; x_wconf 88' lang='lat' dir='ltr'>magistrum</span> <span class='ocrx_word' id='word_1_39' title='bbox 1087 789 1146 831; x_wconf 93' lang='lat' dir='ltr'>non</span> <span class='ocrx_word' id='word_1_40' title='bbox 1168 771 1263 833; x_wconf 90' lang='lat' dir='ltr'>solum</span> 
     </span>
     <span class='ocr_line' id='line_1_7' title="bbox 122 879 1263 960; baseline -0.001 -17"><span class='ocrx_word' id='word_1_41' title='bbox 122 881 341 960; x_wconf 84' lang='lat' dir='ltr'>colloquentem</span> <span class='ocrx_word' id='word_1_42' title='bbox 365 880 493 950; x_wconf 90' lang='lat' dir='ltr'>inducit,</span> <span class='ocrx_word' id='word_1_43' title='bbox 522 880 574 940; x_wconf 89' lang='lat' dir='ltr'>sed</span> <span class='ocrx_word' id='word_1_44' title='bbox 598 881 685 950; x_wconf 90' lang='lat' dir='ltr'>etiam</span> <span class='ocrx_word' id='word_1_45' title='bbox 709 879 822 940; x_wconf 84' lang='lat' dir='ltr'>Socrati</span> <span class='ocrx_word' id='word_1_46' title='bbox 846 879 1018 941; x_wconf 88' lang='lat' dir='ltr'>illudentem</span> <span class='ocrx_word' id='word_1_47' title='bbox 1041 899 1075 941; x_wconf 91' lang='lat' dir='ltr'>ac</span> <span class='ocrx_word' id='word_1_48' title='bbox 1098 882 1263 942; x_wconf 88' lang='lat' dir='ltr'>convician-</span> 
     </span>
     <span class='ocr_line' id='line_1_8' title="bbox 122 989 1261 1060; baseline -0.004 -5"><span class='ocrx_word' id='word_1_49' title='bbox 122 1002 191 1055; x_wconf 87' lang='lat' dir='ltr'>tem.</span> <span class='ocrx_word' id='word_1_50' title='bbox 223 994 275 1053; x_wconf 91' lang='lat' dir='ltr'>llis</span> <span class='ocrx_word' id='word_1_51' title='bbox 295 990 436 1053; x_wconf 84' lang='lat' dir='ltr'>accedere</span> <span class='ocrx_word' id='word_1_52' title='bbox 460 1007 593 1051; x_wconf 90' lang='lat' dir='ltr'>scurram</span> <span class='ocrx_word' id='word_1_53' title='bbox 616 989 701 1060; x_wconf 91' lang='lat' dir='ltr'>dicit,</span> <span class='ocrx_word' id='word_1_54' title='bbox 725 991 833 1051; x_wconf 90' lang='lat' dir='ltr'>mirum</span> <span class='ocrx_word' id='word_1_55' title='bbox 857 992 934 1051; x_wconf 90' lang='lat' dir='ltr'>risus</span> <span class='ocrx_word' id='word_1_56' title='bbox 952 991 1087 1052; x_wconf 84' lang='lat' dir='ltr'>movendi</span> <span class='ocrx_word' id='word_1_57' title='bbox 1103 993 1261 1054; x_wconf 84' lang='lat' dir='ltr'>artificem:</span> 
     </span>
     <span class='ocr_line' id='line_1_9' title="bbox 122 1097 1263 1184; baseline -0.002 -19"><span class='ocrx_word' id='word_1_58' title='bbox 122 1107 220 1184; x_wconf 90' lang='lat' dir='ltr'>itaque</span> <span class='ocrx_word' id='word_1_59' title='bbox 243 1101 392 1182; x_wconf 94' lang='lat' dir='ltr'>aliquanto</span> <span class='ocrx_word' id='word_1_60' title='bbox 415 1100 572 1161; x_wconf 91' lang='lat' dir='ltr'>iucundius</span> <span class='ocrx_word' id='word_1_61' title='bbox 595 1099 752 1161; x_wconf 85' lang='lat' dir='ltr'>exhilarari</span> <span class='ocrx_word' id='word_1_62' title='bbox 781 1097 915 1162; x_wconf 86' lang='lat' dir='ltr'>ridiculis</span> <span class='ocrx_word' id='word_1_63' title='bbox 937 1099 1211 1179; x_wconf 80' lang='lat' dir='ltr'>gesticulationibus</span> <span class='ocrx_word' id='word_1_64' title='bbox 1234 1110 1263 1163; x_wconf 86' lang='lat' dir='ltr'>et</span> 
     </span>
     <span class='ocr_line' id='line_1_10' title="bbox 120 1209 1261 1295; baseline -0.003 -20"><span class='ocrx_word' id='word_1_65' title='bbox 120 1212 297 1295; x_wconf 86' lang='lat' dir='ltr'>spectaculis</span> <span class='ocrx_word' id='word_1_66' title='bbox 326 1219 355 1271; x_wconf 90' lang='lat' dir='ltr'>et</span> <span class='ocrx_word' id='word_1_67' title='bbox 382 1210 521 1271; x_wconf 90' lang='lat' dir='ltr'>tibiarum</span> <span class='ocrx_word' id='word_1_68' title='bbox 551 1218 638 1270; x_wconf 92' lang='lat' dir='ltr'>cantu</span> <span class='ocrx_word' id='word_1_69' title='bbox 667 1209 774 1272; x_wconf 85' lang='lat' dir='ltr'>Calliae</span> <span class='ocrx_word' id='word_1_70' title='bbox 807 1211 944 1272; x_wconf 88' lang='lat' dir='ltr'>convivas</span> <span class='ocrx_word' id='word_1_71' title='bbox 974 1229 1062 1288; x_wconf 90' lang='lat' dir='ltr'>quam</span> <span class='ocrx_word' id='word_1_72' title='bbox 1091 1211 1261 1290; x_wconf 74' lang='lat' dir='ltr'>Agathonis,</span> 
     </span>
     <span class='ocr_line' id='line_1_11' title="bbox 121 1319 1348 1404; baseline 0.002 -19"><span class='ocrx_word' id='word_1_73' title='bbox 121 1327 171 1404; x_wconf 94' lang='lat' dir='ltr'>qui</span> <span class='ocrx_word' id='word_1_74' title='bbox 193 1324 266 1384; x_wconf 89' lang='lat' dir='ltr'>baec</span> <span class='ocrx_word' id='word_1_75' title='bbox 288 1322 385 1382; x_wconf 92' lang='lat' dir='ltr'>omnia</span> <span class='ocrx_word' id='word_1_76' title='bbox 409 1339 469 1381; x_wconf 93' lang='lat' dir='ltr'>non</span> <span class='ocrx_word' id='word_1_77' title='bbox 492 1319 597 1389; x_wconf 89' lang='lat' dir='ltr'>habet,</span> <span class='ocrx_word' id='word_1_78' title='bbox 622 1320 672 1381; x_wconf 90' lang='lat' dir='ltr'>sed</span> <span class='ocrx_word' id='word_1_79' title='bbox 697 1338 801 1398; x_wconf 86' lang='lat' dir='ltr'>graves</span> <span class='ocrx_word' id='word_1_80' title='bbox 824 1329 853 1383; x_wconf 94' lang='lat' dir='ltr'>et</span> <span class='ocrx_word' id='word_1_81' title='bbox 876 1323 971 1382; x_wconf 92' lang='lat' dir='ltr'>serias</span> <span class='ocrx_word' id='word_1_82' title='bbox 993 1321 1088 1382; x_wconf 91' lang='lat' dir='ltr'>solum</span> <span class='ocrx_word' id='word_1_83' title='bbox 1111 1325 1262 1384; x_wconf 86' lang='lat' dir='ltr'>or&#39;ationes</span> <span class='ocrx_word' id='word_1_84' title='bbox 1346 1380 1348 1387; x_wconf 78' lang='grc'>,</span> 
     </span>
     <span class='ocr_line' id='line_1_12' title="bbox 120 1426 1261 1513; baseline 0 -18"><span class='ocrx_word' id='word_1_85' title='bbox 120 1437 151 1494; x_wconf 91' lang='lat' dir='ltr'>in</span> <span class='ocrx_word' id='word_1_86' title='bbox 179 1451 233 1495; x_wconf 92' lang='lat' dir='ltr'>suo</span> <span class='ocrx_word' id='word_1_87' title='bbox 264 1426 418 1513; x_wconf 87' lang='lat' dir='ltr'>Symposio</span> <span class='ocrx_word' id='word_1_88' title='bbox 447 1430 543 1500; x_wconf 92' lang='lat' dir='ltr'>audit,</span> <span class='ocrx_word' id='word_1_89' title='bbox 578 1437 608 1490; x_wconf 90' lang='lat' dir='ltr'>et</span> <span class='ocrx_word' id='word_1_90' title='bbox 639 1431 780 1492; x_wconf 84' lang='lat' dir='ltr'>mulieres</span> <span class='ocrx_word' id='word_1_91' title='bbox 810 1433 897 1493; x_wconf 81' lang='lat' dir='ltr'>etiam</span> <span class='ocrx_word' id='word_1_92' title='bbox 931 1450 1063 1493; x_wconf 88' lang='lat' dir='ltr'>seorsum</span> <span class='ocrx_word' id='word_1_93' title='bbox 1092 1431 1195 1504; x_wconf 87' lang='lat' dir='ltr'>babet,</span> <span class='ocrx_word' id='word_1_94' title='bbox 1225 1435 1261 1495; x_wconf 91' lang='lat' dir='ltr'>ad</span> 
     </span>
     <span class='ocr_line' id='line_1_13' title="bbox 121 1539 1261 1625; baseline -0.002 -18"><span class='ocrx_word' id='word_1_95' title='bbox 121 1563 196 1625; x_wconf 91' lang='lat' dir='ltr'>quas</span> <span class='ocrx_word' id='word_1_96' title='bbox 219 1541 371 1604; x_wconf 92' lang='lat' dir='ltr'>tibicinam</span> <span class='ocrx_word' id='word_1_97' title='bbox 399 1539 530 1618; x_wconf 89' lang='lat' dir='ltr'>ablegat:</span> <span class='ocrx_word' id='word_1_98' title='bbox 561 1557 686 1617; x_wconf 81' lang='lat' dir='ltr'>quorum</span> <span class='ocrx_word' id='word_1_99' title='bbox 709 1540 820 1602; x_wconf 91' lang='lat' dir='ltr'>nullam</span> <span class='ocrx_word' id='word_1_100' title='bbox 849 1543 880 1602; x_wconf 95' lang='lat' dir='ltr'>in</span> <span class='ocrx_word' id='word_1_101' title='bbox 903 1542 1058 1621; x_wconf 77' lang='lat' dir='ltr'>Symposio</span> <span class='ocrx_word' id='word_1_102' title='bbox 1087 1561 1141 1604; x_wconf 93' lang='lat' dir='ltr'>suo</span> <span class='ocrx_word' id='word_1_103' title='bbox 1162 1544 1261 1605; x_wconf 88' lang='lat' dir='ltr'>Xeno·</span> 
     </span>
     <span class='ocr_line' id='line_1_14' title="bbox 120 1649 1262 1735; baseline 0 -20"><span class='ocrx_word' id='word_1_104' title='bbox 120 1655 201 1735; x_wconf 91' lang='lat' dir='ltr'>phun</span> <span class='ocrx_word' id='word_1_105' title='bbox 230 1654 302 1714; x_wconf 89' lang='lat' dir='ltr'>lacit</span> <span class='ocrx_word' id='word_1_106' title='bbox 328 1653 518 1712; x_wconf 85' lang='lat' dir='ltr'>mentionem.</span> <span class='ocrx_word' id='word_1_107' title='bbox 563 1650 644 1711; x_wconf 88' lang='lat' dir='ltr'>llaec</span> <span class='ocrx_word' id='word_1_108' title='bbox 673 1651 777 1713; x_wconf 90' lang='lat' dir='ltr'>doctus</span> <span class='ocrx_word' id='word_1_109' title='bbox 806 1649 856 1711; x_wconf 91' lang='lat' dir='ltr'>ille</span> <span class='ocrx_word' id='word_1_110' title='bbox 884 1651 1024 1713; x_wconf 91' lang='lat' dir='ltr'>medicus.</span> <span class='ocrx_word' id='word_1_111' title='bbox 1070 1654 1145 1726; x_wconf 85' lang='lat' dir='ltr'>Quid</span> <span class='ocrx_word' id='word_1_112' title='bbox 1175 1657 1262 1716; x_wconf 78' lang='lat' dir='ltr'>vero?</span> 
     </span>
     <span class='ocr_line' id='line_1_15' title="bbox 119 1760 1261 1841; baseline 0 -15"><span class='ocrx_word' id='word_1_113' title='bbox 119 1784 191 1826; x_wconf 90' lang='lat' dir='ltr'>num</span> <span class='ocrx_word' id='word_1_114' title='bbox 214 1763 284 1825; x_wconf 90' lang='lat' dir='ltr'>inde</span> <span class='ocrx_word' id='word_1_115' title='bbox 307 1769 446 1841; x_wconf 90' lang='lat' dir='ltr'>apparet,</span> <span class='ocrx_word' id='word_1_116' title='bbox 476 1760 659 1822; x_wconf 86' lang='lat' dir='ltr'>Platonicum</span> <span class='ocrx_word' id='word_1_117' title='bbox 682 1763 861 1832; x_wconf 89' lang='lat' dir='ltr'>convivium,</span> <span class='ocrx_word' id='word_1_118' title='bbox 886 1779 974 1840; x_wconf 92' lang='lat' dir='ltr'>quum</span> <span class='ocrx_word' id='word_1_119' title='bbox 998 1763 1143 1826; x_wconf 83' lang='lat' dir='ltr'>scriberet</span> <span class='ocrx_word' id='word_1_120' title='bbox 1164 1764 1261 1826; x_wconf 89' lang='lat' dir='ltr'>Xeno·</span> 
     </span>
     <span class='ocr_line' id='line_1_16' title="bbox 120 1870 1263 1956; baseline 0.002 -21"><span class='ocrx_word' id='word_1_121' title='bbox 120 1876 217 1956; x_wconf 92' lang='lat' dir='ltr'>phon,</span> <span class='ocrx_word' id='word_1_122' title='bbox 247 1873 359 1935; x_wconf 90' lang='lat' dir='ltr'>editum</span> <span class='ocrx_word' id='word_1_123' title='bbox 389 1873 447 1932; x_wconf 93' lang='lat' dir='ltr'>iam</span> <span class='ocrx_word' id='word_1_124' title='bbox 477 1872 585 1933; x_wconf 78' lang='lat' dir='ltr'>luisse?</span> <span class='ocrx_word' id='word_1_125' title='bbox 629 1870 699 1932; x_wconf 87' lang='lat' dir='ltr'>lllibi</span> <span class='ocrx_word' id='word_1_126' title='bbox 723 1879 818 1943; x_wconf 89' lang='lat' dir='ltr'>certe,</span> <span class='ocrx_word' id='word_1_127' title='bbox 848 1873 944 1952; x_wconf 89' lang='lat' dir='ltr'>siquid</span> <span class='ocrx_word' id='word_1_128' title='bbox 973 1873 1073 1945; x_wconf 81' lang='lat' dir='ltr'>video,</span> <span class='ocrx_word' id='word_1_129' title='bbox 1102 1875 1194 1936; x_wconf 92' lang='lat' dir='ltr'>multo</span> <span class='ocrx_word' id='word_1_130' title='bbox 1218 1884 1263 1937; x_wconf 92' lang='lat' dir='ltr'>est</span> 
     </span>
     <span class='ocr_line' id='line_1_17' title="bbox 119 1981 1260 2066; baseline 0.002 -21"><span class='ocrx_word' id='word_1_131' title='bbox 119 1984 316 2065; x_wconf 89' lang='lat' dir='ltr'>probabilius,</span> <span class='ocrx_word' id='word_1_132' title='bbox 340 1983 510 2053; x_wconf 89' lang='lat' dir='ltr'>Platonem,</span> <span class='ocrx_word' id='word_1_133' title='bbox 534 1981 610 2043; x_wconf 89' lang='lat' dir='ltr'>lecto</span> <span class='ocrx_word' id='word_1_134' title='bbox 625 1982 829 2063; x_wconf 85' lang='lat' dir='ltr'>Xenophontis</span> <span class='ocrx_word' id='word_1_135' title='bbox 846 1984 1017 2063; x_wconf 82' lang='lat' dir='ltr'>Symposio,</span> <span class='ocrx_word' id='word_1_136' title='bbox 1043 2002 1148 2063; x_wconf 89' lang='lat' dir='ltr'>quum,</span> <span class='ocrx_word' id='word_1_137' title='bbox 1173 2005 1260 2066; x_wconf 90' lang='lat' dir='ltr'>quam</span> 
     </span>
     <span class='ocr_line' id='line_1_18' title="bbox 120 2091 1261 2176; baseline 0.003 -22"><span class='ocrx_word' id='word_1_138' title='bbox 120 2092 244 2175; x_wconf 91' lang='lat' dir='ltr'>pnlebra</span> <span class='ocrx_word' id='word_1_139' title='bbox 267 2091 340 2153; x_wconf 79' lang='lat' dir='ltr'>llaec</span> <span class='ocrx_word' id='word_1_140' title='bbox 364 2103 443 2154; x_wconf 90' lang='lat' dir='ltr'>esset</span> <span class='ocrx_word' id='word_1_141' title='bbox 466 2110 540 2153; x_wconf 85' lang='lat' dir='ltr'>nove</span> <span class='ocrx_word' id='word_1_142' title='bbox 562 2093 680 2153; x_wconf 88' lang='lat' dir='ltr'>inventa</span> <span class='ocrx_word' id='word_1_143' title='bbox 703 2094 828 2155; x_wconf 89' lang='lat' dir='ltr'>alicuius</span> <span class='ocrx_word' id='word_1_144' title='bbox 851 2095 905 2155; x_wconf 86' lang='lat' dir='ltr'>viri</span> <span class='ocrx_word' id='word_1_145' title='bbox 930 2097 1092 2157; x_wconf 90' lang='lat' dir='ltr'>sententias</span> <span class='ocrx_word' id='word_1_146' title='bbox 1114 2096 1261 2176; x_wconf 88' lang='lat' dir='ltr'>prodendi</span> 
     </span>
     <span class='ocr_line' id='line_1_19' title="bbox 121 2202 1350 2287; baseline 0.002 -22"><span class='ocrx_word' id='word_1_147' title='bbox 121 2222 297 2283; x_wconf 90' lang='lat' dir='ltr'>morumque</span> <span class='ocrx_word' id='word_1_148' title='bbox 331 2202 599 2264; x_wconf 88' lang='lat' dir='ltr'>describendorum</span> <span class='ocrx_word' id='word_1_149' title='bbox 634 2203 744 2273; x_wconf 87' lang='lat' dir='ltr'>lorma,</span> <span class='ocrx_word' id='word_1_150' title='bbox 784 2203 877 2283; x_wconf 87' lang='lat' dir='ltr'>probe</span> <span class='ocrx_word' id='word_1_151' title='bbox 910 2204 1101 2283; x_wconf 86' lang='lat' dir='ltr'>intelligeret,</span> <span class='ocrx_word' id='word_1_152' title='bbox 1137 2225 1261 2287; x_wconf 89' lang='lat' dir='ltr'>eamque</span> <span class='ocrx_word' id='word_1_153' title='bbox 1348 2229 1350 2231; x_wconf 47' lang='lat'><strong><em>¹</em></strong></span> 
     </span>
     <span class='ocr_line' id='line_1_20' title="bbox 120 2311 1259 2396; baseline 0.002 -21"><span class='ocrx_word' id='word_1_154' title='bbox 120 2315 251 2394; x_wconf 82' lang='lat' dir='ltr'>experiri</span> <span class='ocrx_word' id='word_1_155' title='bbox 278 2314 342 2391; x_wconf 89' lang='lat' dir='ltr'>ipse</span> <span class='ocrx_word' id='word_1_156' title='bbox 369 2311 471 2387; x_wconf 87' lang='lat' dir='ltr'>vellet,</span> <span class='ocrx_word' id='word_1_157' title='bbox 504 2330 561 2391; x_wconf 94' lang='lat' dir='ltr'>quo</span> <span class='ocrx_word' id='word_1_158' title='bbox 584 2312 769 2373; x_wconf 93' lang='lat' dir='ltr'>commodius</span> <span class='ocrx_word' id='word_1_159' title='bbox 798 2312 854 2372; x_wconf 88' lang='lat' dir='ltr'>sibi</span> <span class='ocrx_word' id='word_1_160' title='bbox 884 2331 917 2372; x_wconf 89' lang='lat' dir='ltr'>ea</span> <span class='ocrx_word' id='word_1_161' title='bbox 948 2315 1107 2376; x_wconf 86' lang='lat' dir='ltr'>inserviret</span> <span class='ocrx_word' id='word_1_162' title='bbox 1128 2316 1259 2396; x_wconf 92' lang='lat' dir='ltr'>pbiloso-</span> 
     </span>
     <span class='ocr_line' id='line_1_21' title="bbox 119 2420 1259 2504; baseline 0.004 -22"><span class='ocrx_word' id='word_1_163' title='bbox 119 2424 207 2502; x_wconf 91' lang='lat' dir='ltr'>pbiae</span> <span class='ocrx_word' id='word_1_164' title='bbox 230 2428 389 2501; x_wconf 87' lang='lat' dir='ltr'>praecepta</span> <span class='ocrx_word' id='word_1_165' title='bbox 418 2420 562 2481; x_wconf 88' lang='lat' dir='ltr'>tradituro</span> <span class='ocrx_word' id='word_1_166' title='bbox 591 2422 712 2500; x_wconf 84' lang='lat' dir='ltr'>verique</span> <span class='ocrx_word' id='word_1_167' title='bbox 739 2430 1000 2500; x_wconf 83' lang='lat' dir='ltr'>repraesentatum</span> <span class='ocrx_word' id='word_1_168' title='bbox 1026 2425 1166 2504; x_wconf 89' lang='lat' dir='ltr'>sapientis</span> <span class='ocrx_word' id='word_1_169' title='bbox 1186 2428 1259 2486; x_wconf 92' lang='lat' dir='ltr'>ima·</span> 
     </span>
     <span class='ocr_line' id='line_1_22' title="bbox 119 2529 1260 2612; baseline 0.002 -18"><span class='ocrx_word' id='word_1_170' title='bbox 119 2535 235 2612; x_wconf 88' lang='lat' dir='ltr'>ginem,</span> <span class='ocrx_word' id='word_1_171' title='bbox 270 2548 357 2609; x_wconf 92' lang='lat' dir='ltr'>quam</span> <span class='ocrx_word' id='word_1_172' title='bbox 384 2531 415 2590; x_wconf 95' lang='lat' dir='ltr'>in</span> <span class='ocrx_word' id='word_1_173' title='bbox 444 2529 599 2612; x_wconf 76' lang='lat' dir='ltr'>Symposio</span> <span class='ocrx_word' id='word_1_174' title='bbox 628 2533 811 2610; x_wconf 90' lang='lat' dir='ltr'>propositam</span> <span class='ocrx_word' id='word_1_175' title='bbox 841 2549 906 2592; x_wconf 90' lang='lat' dir='ltr'>esse</span> <span class='ocrx_word' id='word_1_176' title='bbox 934 2532 1034 2593; x_wconf 95' lang='lat' dir='ltr'>docult</span> <span class='ocrx_word' id='word_1_177' title='bbox 1063 2533 1260 2597; x_wconf 83' lang='lat' dir='ltr'>Sclrleierma-</span> 
     </span>
     <span class='ocr_line' id='line_1_23' title="bbox 119 2640 1260 2725; baseline 0.001 -19"><span class='ocrx_word' id='word_1_178' title='bbox 119 2641 271 2720; x_wconf 85' lang='lat' dir='ltr'>cherus¹),</span> <span class='ocrx_word' id='word_1_179' title='bbox 310 2641 491 2722; x_wconf 90' lang='lat' dir='ltr'>aliquantum</span> <span class='ocrx_word' id='word_1_180' title='bbox 519 2643 671 2703; x_wconf 88' lang='lat' dir='ltr'>censuisse</span> <span class='ocrx_word' id='word_1_181' title='bbox 704 2640 904 2702; x_wconf 88' lang='lat' dir='ltr'>recedendum</span> <span class='ocrx_word' id='word_1_182' title='bbox 934 2662 950 2704; x_wconf 93' lang='lat' dir='ltr'>a</span> <span class='ocrx_word' id='word_1_183' title='bbox 978 2643 1188 2725; x_wconf 86' lang='lat' dir='ltr'>Xenophonte,</span> <span class='ocrx_word' id='word_1_184' title='bbox 1227 2665 1260 2707; x_wconf 91' lang='lat' dir='ltr'>ao</span> 
     </span>
     <span class='ocr_line' id='line_1_24' title="bbox 118 2750 1258 2836; baseline 0.002 -21"><span class='ocrx_word' id='word_1_185' title='bbox 118 2756 278 2836; x_wconf 88' lang='lat' dir='ltr'>praecipue</span> <span class='ocrx_word' id='word_1_186' title='bbox 302 2751 464 2813; x_wconf 85' lang='lat' dir='ltr'>eliciendas</span> <span class='ocrx_word' id='word_1_187' title='bbox 488 2751 638 2821; x_wconf 90' lang='lat' dir='ltr'>tibicinas,</span> <span class='ocrx_word' id='word_1_188' title='bbox 669 2750 833 2830; x_wconf 78' lang='lat' dir='ltr'>vulgarium</span> <span class='ocrx_word' id='word_1_189' title='bbox 856 2754 949 2831; x_wconf 82' lang='lat' dir='ltr'>magis</span> <span class='ocrx_word' id='word_1_190' title='bbox 971 2752 1141 2831; x_wconf 80' lang='lat' dir='ltr'>hominum,</span> <span class='ocrx_word' id='word_1_191' title='bbox 1170 2774 1258 2835; x_wconf 91' lang='lat' dir='ltr'>quam</span> 
     </span>
     <span class='ocr_line' id='line_1_25' title="bbox 117 2863 1258 2946; baseline 0 -20"><span class='ocrx_word' id='word_1_192' title='bbox 117 2865 387 2927; x_wconf 87' lang='lat' dir='ltr'>eruditissimorum</span> <span class='ocrx_word' id='word_1_193' title='bbox 412 2864 541 2922; x_wconf 88' lang='lat' dir='ltr'>virorum</span> <span class='ocrx_word' id='word_1_194' title='bbox 565 2863 697 2922; x_wconf 84' lang='lat' dir='ltr'>convivio</span> <span class='ocrx_word' id='word_1_195' title='bbox 720 2870 818 2943; x_wconf 90' lang='lat' dir='ltr'>aptas,</span> <span class='ocrx_word' id='word_1_196' title='bbox 843 2880 915 2941; x_wconf 91' lang='lat' dir='ltr'>quas</span> <span class='ocrx_word' id='word_1_197' title='bbox 936 2863 1102 2942; x_wconf 84' lang='lat' dir='ltr'>Xenophon</span> <span class='ocrx_word' id='word_1_198' title='bbox 1126 2865 1161 2926; x_wconf 92' lang='lat' dir='ltr'>ad</span> <span class='ocrx_word' id='word_1_199' title='bbox 1184 2886 1258 2946; x_wconf 91' lang='lat' dir='ltr'>quo·</span> 
     </span>
     <span class='ocr_line' id='line_1_26' title="bbox 117 2972 1304 3053; baseline 0.002 -17"><span class='ocrx_word' id='word_1_200' title='bbox 117 2976 247 3037; x_wconf 88' lang='lat' dir='ltr'>tidianae</span> <span class='ocrx_word' id='word_1_201' title='bbox 270 2975 345 3034; x_wconf 87' lang='lat' dir='ltr'>vitae</span> <span class='ocrx_word' id='word_1_202' title='bbox 367 2972 612 3033; x_wconf 89' lang='lat' dir='ltr'>consuetudinem</span> <span class='ocrx_word' id='word_1_203' title='bbox 637 2974 758 3053; x_wconf 87' lang='lat' dir='ltr'>propius</span> <span class='ocrx_word' id='word_1_204' title='bbox 787 2972 932 3034; x_wconf 85' lang='lat' dir='ltr'>accedens</span> <span class='ocrx_word' id='word_1_205' title='bbox 955 2975 1128 3036; x_wconf 84' lang='lat' dir='ltr'>retinuerat.</span> <span class='ocrx_word' id='word_1_206' title='bbox 1165 2977 1257 3038; x_wconf 87' lang='lat' dir='ltr'>Cuius</span> <span class='ocrx_word' id='word_1_207' title='bbox 1289 2982 1304 3028; x_wconf 79' lang='grc'><strong>9</strong></span> 
     </span>
     <span class='ocr_line' id='line_1_27' title="bbox 117 3084 1258 3166; baseline 0 -19"><span class='ocrx_word' id='word_1_208' title='bbox 117 3088 161 3147; x_wconf 89' lang='lat' dir='ltr'>rei</span> <span class='ocrx_word' id='word_1_209' title='bbox 184 3101 342 3166; x_wconf 90' lang='lat' dir='ltr'>quemnam</span> <span class='ocrx_word' id='word_1_210' title='bbox 366 3101 545 3162; x_wconf 90' lang='lat' dir='ltr'>quaeremus</span> <span class='ocrx_word' id='word_1_211' title='bbox 572 3089 679 3144; x_wconf 90' lang='lat' dir='ltr'>testem</span> <span class='ocrx_word' id='word_1_212' title='bbox 710 3085 802 3162; x_wconf 87' lang='lat' dir='ltr'>magis</span> <span class='ocrx_word' id='word_1_213' title='bbox 829 3084 969 3145; x_wconf 90' lang='lat' dir='ltr'>idoneum</span> <span class='ocrx_word' id='word_1_214' title='bbox 993 3102 1081 3164; x_wconf 90' lang='lat' dir='ltr'>quam</span> <span class='ocrx_word' id='word_1_215' title='bbox 1104 3085 1258 3147; x_wconf 90' lang='lat' dir='ltr'>Platonem</span> 
     </span>
     <span class='ocr_line' id='line_1_28' title="bbox 115 3187 1258 3277; baseline 0.001 -21"><span class='ocrx_word' id='word_1_216' title='bbox 115 3199 228 3277; x_wconf 91' lang='lat' dir='ltr'>ipsum,</span> <span class='ocrx_word' id='word_1_217' title='bbox 258 3196 308 3274; x_wconf 94' lang='lat' dir='ltr'>qui</span> <span class='ocrx_word' id='word_1_218' title='bbox 338 3193 408 3256; x_wconf 91' lang='lat' dir='ltr'>dicit</span> <span class='ocrx_word' id='word_1_219' title='bbox 434 3195 464 3253; x_wconf 92' lang='lat' dir='ltr'>in</span> <span class='ocrx_word' id='word_1_220' title='bbox 487 3189 695 3272; x_wconf 85' lang='lat' dir='ltr'>Protagora²):</span> <span class='ocrx_word' id='word_1_221' title='bbox 731 3187 796 3254; x_wconf 82' lang='grc' dir='ltr'>Καὶ</span> <span class='ocrx_word' id='word_1_222' title='bbox 823 3187 888 3272; x_wconf 78' lang='grc' dir='ltr'>γὰρ</span> <span class='ocrx_word' id='word_1_223' title='bbox 915 3190 1011 3254; x_wconf 78' lang='grc' dir='ltr'><strong><em>δοκεῖ</em></strong></span> <span class='ocrx_word' id='word_1_224' title='bbox 1036 3214 1093 3274; x_wconf 92' lang='grc' dir='ltr'>μοι</span> <span class='ocrx_word' id='word_1_225' title='bbox 1122 3189 1159 3255; x_wconf 84' lang='grc' dir='ltr'>τὸ</span> <span class='ocrx_word' id='word_1_226' title='bbox 1181 3191 1258 3272; x_wconf 77' lang='grc' dir='ltr'>περὶ</span> 
     </span>
     <span class='ocr_line' id='line_1_29' title="bbox 117 3294 1258 3386; baseline -0.001 -19"><span class='ocrx_word' id='word_1_227' title='bbox 117 3300 282 3386; x_wconf 82' lang='grc' dir='ltr'><strong><em>ποιήσεως</em></strong></span> <span class='ocrx_word' id='word_1_228' title='bbox 305 3299 520 3381; x_wconf 75' lang='grc' dir='ltr'><strong><em>διαλέγεσθαι</em></strong></span> <span class='ocrx_word' id='word_1_229' title='bbox 542 3295 739 3382; x_wconf 83' lang='grc' dir='ltr'><strong><em>ὁμοιότατον</em></strong></span> <span class='ocrx_word' id='word_1_230' title='bbox 766 3294 852 3363; x_wconf 83' lang='grc' dir='ltr'><strong><em>εἶναι</em></strong></span> <span class='ocrx_word' id='word_1_231' title='bbox 879 3310 948 3375; x_wconf 77' lang='grc' dir='ltr'><strong><em>τοῖς</em></strong></span> <span class='ocrx_word' id='word_1_232' title='bbox 969 3295 1168 3383; x_wconf 83' lang='grc' dir='ltr'><strong><em>συμποσίοις</em></strong></span> <span class='ocrx_word' id='word_1_233' title='bbox 1190 3313 1258 3378; x_wconf 70' lang='grc' dir='ltr'><strong><em>τοῖς</em></strong></span> 
     </span>
     <span class='ocr_line' id='line_1_30' title="bbox 116 3402 1257 3495; baseline -0.001 -18"><span class='ocrx_word' id='word_1_234' title='bbox 116 3417 184 3477; x_wconf 84' lang='grc' dir='ltr'>τῶν</span> <span class='ocrx_word' id='word_1_235' title='bbox 206 3409 349 3495; x_wconf 76' lang='grc' dir='ltr'><strong><em>φαύλων</em></strong></span> <span class='ocrx_word' id='word_1_236' title='bbox 377 3405 433 3473; x_wconf 75' lang='grc' dir='ltr'>καί</span> <span class='ocrx_word' id='word_1_237' title='bbox 460 3405 630 3493; x_wconf 77' lang='grc' dir='ltr'><strong><em>ἀγοραίων</em></strong></span> <span class='ocrx_word' id='word_1_238' title='bbox 658 3406 862 3491; x_wconf 74' lang='grc' dir='ltr'><strong><em>ἀνθρώπων.</em></strong></span> <span class='ocrx_word' id='word_1_239' title='bbox 907 3406 964 3473; x_wconf 79' lang='grc' dir='ltr'>καὶ</span> <span class='ocrx_word' id='word_1_240' title='bbox 990 3408 1055 3493; x_wconf 76' lang='grc' dir='ltr'>γαρ</span> <span class='ocrx_word' id='word_1_241' title='bbox 1084 3402 1178 3476; x_wconf 81' lang='grc' dir='ltr'><strong><em>οὗτοι</em></strong></span> <span class='ocrx_word' id='word_1_242' title='bbox 1201 3409 1257 3476; x_wconf 81' lang='lat' dir='ltr'>dccl</span> 
     </span>
     <span class='ocr_line' id='line_1_31' title="bbox 116 3515 1257 3609; baseline -0.001 -23"><span class='ocrx_word' id='word_1_243' title='bbox 116 3520 153 3586; x_wconf 84' lang='grc' dir='ltr'>τὸ</span> <span class='ocrx_word' id='word_1_244' title='bbox 179 3518 223 3605; x_wconf 79' lang='grc' dir='ltr'>μὴ</span> <span class='ocrx_word' id='word_1_245' title='bbox 251 3518 422 3584; x_wconf 79' lang='grc' dir='ltr'><strong><em>δύνασθαι</em></strong></span> <span class='ocrx_word' id='word_1_246' title='bbox 450 3515 607 3602; x_wconf 76' lang='grc' dir='ltr'><strong><em>ἀλλήλοις</em></strong></span> <span class='ocrx_word' id='word_1_247' title='bbox 634 3516 680 3582; x_wconf 83' lang='lat' dir='ltr'>dt&#39;</span> <span class='ocrx_word' id='word_1_248' title='bbox 703 3518 832 3583; x_wconf 78' lang='grc' dir='ltr'><strong><em>ἑαυτῶν</em></strong></span> <span class='ocrx_word' id='word_1_249' title='bbox 854 3530 1008 3583; x_wconf 78' lang='grc' dir='ltr'><strong><em>συνεῖναι</em></strong></span> <span class='ocrx_word' id='word_1_250' title='bbox 1032 3519 1070 3584; x_wconf 82' lang='grc' dir='ltr'>ἐν</span> <span class='ocrx_word' id='word_1_251' title='bbox 1098 3525 1144 3608; x_wconf 79' lang='grc' dir='ltr'>τῶ</span> <span class='ocrx_word' id='word_1_252' title='bbox 1167 3521 1257 3609; x_wconf 79' lang='grc' dir='ltr'><strong><em>πότῳ</em></strong></span> 
     </span>
     <span class='ocr_line' id='line_1_32' title="bbox 115 3626 1257 3715; baseline 0.001 -21"><span class='ocrx_word' id='word_1_253' title='bbox 115 3631 199 3715; x_wconf 75' lang='grc' dir='ltr'><strong><em>μηδὲ</em></strong></span> <span class='ocrx_word' id='word_1_254' title='bbox 233 3626 288 3693; x_wconf 73' lang='grc' dir='ltr'>διὰ</span> <span class='ocrx_word' id='word_1_255' title='bbox 318 3630 376 3711; x_wconf 82' lang='grc' dir='ltr'>τῆς</span> <span class='ocrx_word' id='word_1_256' title='bbox 404 3628 534 3692; x_wconf 81' lang='grc' dir='ltr'><strong><em>ἑαυτῶν</em></strong></span> <span class='ocrx_word' id='word_1_257' title='bbox 561 3632 678 3712; x_wconf 81' lang='grc' dir='ltr'><strong><em>φωνῆς</em></strong></span> <span class='ocrx_word' id='word_1_258' title='bbox 706 3626 761 3692; x_wconf 80' lang='grc' dir='ltr'>καὶ</span> <span class='ocrx_word' id='word_1_259' title='bbox 788 3631 856 3692; x_wconf 87' lang='grc' dir='ltr'>τῶν</span> <span class='ocrx_word' id='word_1_260' title='bbox 888 3627 999 3712; x_wconf 79' lang='grc' dir='ltr'><strong><em>λόγων</em></strong></span> <span class='ocrx_word' id='word_1_261' title='bbox 1026 3631 1093 3694; x_wconf 86' lang='grc' dir='ltr'>τῶν</span> <span class='ocrx_word' id='word_1_262' title='bbox 1127 3630 1257 3695; x_wconf 81' lang='grc' dir='ltr'><strong><em>ἑαυτῶν</em></strong></span> 
     </span>
     <span class='ocr_line' id='line_1_33' title="bbox 118 3735 1257 3823; baseline -0.002 -17"><span class='ocrx_word' id='word_1_263' title='bbox 118 3736 181 3806; x_wconf 82' lang='grc' dir='ltr'>ὑπὸ</span> <span class='ocrx_word' id='word_1_264' title='bbox 213 3737 432 3813; x_wconf 77' lang='grc' dir='ltr'><strong><em>ἀπαιδευσίας</em></strong></span> <span class='ocrx_word' id='word_1_265' title='bbox 468 3740 577 3821; x_wconf 86' lang='grc' dir='ltr'><strong><em>τιμίας</em></strong></span> <span class='ocrx_word' id='word_1_266' title='bbox 609 3741 744 3803; x_wconf 75' lang='grc' dir='ltr'><strong><em>ποιοῦσι</em></strong></span> <span class='ocrx_word' id='word_1_267' title='bbox 780 3735 838 3814; x_wconf 80' lang='grc' dir='ltr'>τας</span> <span class='ocrx_word' id='word_1_268' title='bbox 875 3736 1090 3823; x_wconf 78' lang='grc' dir='ltr'><strong><em>αὐλητρίδας,</em></strong></span> <span class='ocrx_word' id='word_1_269' title='bbox 1128 3741 1257 3805; x_wconf 77' lang='grc' dir='ltr'><strong><em>πολλοῦ</em></strong></span> 
     </span>
    </p>
   </div>
   <div class='ocr_carea' id='block_1_4' title="bbox 114 4003 1256 4498">
    <p class='ocr_par' dir='ltr' id='par_1_4' title="bbox 114 4003 1256 4328">
     <span class='ocr_line' id='line_1_34' title="bbox 116 4003 1256 4071; baseline -0.001 -13"><span class='ocrx_word' id='word_1_270' title='bbox 116 4008 189 4059; x_wconf 83' lang='lat' dir='ltr'>tonis</span> <span class='ocrx_word' id='word_1_271' title='bbox 212 4009 318 4058; x_wconf 84' lang='lat' dir='ltr'>ratione</span> <span class='ocrx_word' id='word_1_272' title='bbox 341 4010 437 4056; x_wconf 86' lang='lat' dir='ltr'>mutue</span> <span class='ocrx_word' id='word_1_273' title='bbox 460 4011 489 4056; x_wconf 88' lang='lat' dir='ltr'>et</span> <span class='ocrx_word' id='word_1_274' title='bbox 511 4007 545 4058; x_wconf 91' lang='lat' dir='ltr'>de</span> <span class='ocrx_word' id='word_1_275' title='bbox 563 4005 687 4058; x_wconf 85' lang='lat' dir='ltr'>Socratis</span> <span class='ocrx_word' id='word_1_276' title='bbox 710 4012 737 4057; x_wconf 88' lang='lat' dir='ltr'>et</span> <span class='ocrx_word' id='word_1_277' title='bbox 755 4005 909 4056; x_wconf 78' lang='lat' dir='ltr'>Pausaniae</span> <span class='ocrx_word' id='word_1_278' title='bbox 932 4003 1003 4071; x_wconf 80' lang='lat' dir='ltr'>apud</span> <span class='ocrx_word' id='word_1_279' title='bbox 1027 4007 1172 4070; x_wconf 84' lang='lat' dir='ltr'>utrumqne</span> <span class='ocrx_word' id='word_1_280' title='bbox 1197 4022 1256 4057; x_wconf 84' lang='lat' dir='ltr'>orn-</span> 
     </span>
     <span class='ocr_line' id='line_1_35' title="bbox 115 4087 1254 4157; baseline -0.001 -14"><span class='ocrx_word' id='word_1_281' title='bbox 115 4092 237 4143; x_wconf 90' lang='lat' dir='ltr'>tionibus</span> <span class='ocrx_word' id='word_1_282' title='bbox 260 4091 533 4155; x_wconf 83' lang='lat' dir='ltr'>commentationem,</span> <span class='ocrx_word' id='word_1_283' title='bbox 556 4093 736 4157; x_wconf 80' lang='lat' dir='ltr'>praemissam</span> <span class='ocrx_word' id='word_1_284' title='bbox 759 4090 835 4141; x_wconf 85' lang='lat' dir='ltr'>illam</span> <span class='ocrx_word' id='word_1_285' title='bbox 853 4089 938 4140; x_wconf 84' lang='lat' dir='ltr'>indici</span> <span class='ocrx_word' id='word_1_286' title='bbox 961 4087 1115 4139; x_wconf 81' lang='lat' dir='ltr'>scholarum</span> <span class='ocrx_word' id='word_1_287' title='bbox 1135 4090 1254 4142; x_wconf 89' lang='lat' dir='ltr'>Bernen·</span> 
     </span>
     <span class='ocr_line' id='line_1_36' title="bbox 115 4175 1256 4242; baseline -0.002 -13"><span class='ocrx_word' id='word_1_288' title='bbox 115 4180 184 4230; x_wconf 84' lang='lat' dir='ltr'>sium</span> <span class='ocrx_word' id='word_1_289' title='bbox 208 4181 279 4228; x_wconf 83' lang='lat' dir='ltr'>sest.</span> <span class='ocrx_word' id='word_1_290' title='bbox 299 4191 324 4225; x_wconf 88' lang='grc' dir='ltr'>ιι.</span> <span class='ocrx_word' id='word_1_291' title='bbox 349 4177 428 4241; x_wconf 76' lang='lat'>1864,</span> <span class='ocrx_word' id='word_1_292' title='bbox 456 4177 499 4226; x_wconf 88' lang='lat' dir='ltr'>cui</span> <span class='ocrx_word' id='word_1_293' title='bbox 523 4180 552 4226; x_wconf 85' lang='lat' dir='ltr'>et</span> <span class='ocrx_word' id='word_1_294' title='bbox 574 4177 629 4242; x_wconf 82' lang='lat' dir='ltr'>ipsi</span> <span class='ocrx_word' id='word_1_295' title='bbox 650 4175 841 4241; x_wconf 85' lang='lat' dir='ltr'>Xenophontis</span> <span class='ocrx_word' id='word_1_296' title='bbox 864 4175 1024 4225; x_wconf 87' lang='lat' dir='ltr'>Convivinm</span> <span class='ocrx_word' id='word_1_297' title='bbox 1048 4175 1123 4241; x_wconf 86' lang='lat' dir='ltr'>prius</span> <span class='ocrx_word' id='word_1_298' title='bbox 1146 4176 1256 4227; x_wconf 87' lang='lat' dir='ltr'>videtur</span> 
     </span>
     <span class='ocr_line' id='line_1_37' title="bbox 114 4259 511 4328; baseline -0.018 -10"><span class='ocrx_word' id='word_1_299' title='bbox 114 4281 175 4318; x_wconf 86' lang='lat' dir='ltr'>esse</span> <span class='ocrx_word' id='word_1_300' title='bbox 194 4263 325 4328; x_wconf 87' lang='lat' dir='ltr'>scriptum</span> <span class='ocrx_word' id='word_1_301' title='bbox 342 4259 511 4326; x_wconf 77' lang='lat' dir='ltr'>Platonico]</span> 
     </span>
    </p>

    <p class='ocr_par' dir='ltr' id='par_1_5' title="bbox 182 4342 655 4414">
     <span class='ocr_line' id='line_1_38' title="bbox 182 4342 655 4414; baseline -0.006 -15"><span class='ocrx_word' id='word_1_302' title='bbox 182 4347 207 4412; x_wconf 89' lang='lat'>1)</span> <span class='ocrx_word' id='word_1_303' title='bbox 229 4343 312 4414; x_wconf 79' lang='lat' dir='ltr'>[Plst.</span> <span class='ocrx_word' id='word_1_304' title='bbox 331 4345 362 4394; x_wconf 92' lang='lat' dir='ltr'>P.</span> <span class='ocrx_word' id='word_1_305' title='bbox 382 4346 417 4396; x_wconf 93' lang='lat' dir='ltr'>ll.</span> <span class='ocrx_word' id='word_1_306' title='bbox 435 4347 467 4396; x_wconf 88' lang='grc' dir='ltr'>Τ.</span> <span class='ocrx_word' id='word_1_307' title='bbox 484 4345 521 4396; x_wconf 91' lang='lat'>11.</span> <span class='ocrx_word' id='word_1_308' title='bbox 541 4361 566 4410; x_wconf 90' lang='lat' dir='ltr'>p.</span> <span class='ocrx_word' id='word_1_309' title='bbox 585 4342 655 4411; x_wconf 59' lang='lat'>358]</span> 
     </span>
    </p>

    <p class='ocr_par' dir='ltr' id='par_1_6' title="bbox 181 4430 424 4498">
     <span class='ocr_line' id='line_1_39' title="bbox 181 4430 424 4498; baseline -0.012 -14"><span class='ocrx_word' id='word_1_310' title='bbox 181 4435 207 4498; x_wconf 76' lang='lat'>2)</span> <span class='ocrx_word' id='word_1_311' title='bbox 226 4449 252 4498; x_wconf 92' lang='lat' dir='ltr'>p.</span> <span class='ocrx_word' id='word_1_312' title='bbox 271 4431 321 4483; x_wconf 78' lang='lat'>34⁷</span> <span class='ocrx_word' id='word_1_313' title='bbox 341 4430 370 4480; x_wconf 84' lang='lat' dir='ltr'>C.</span> <span class='ocrx_word' id='word_1_314' title='bbox 389 4432 424 4481; x_wconf 87' lang='lat' dir='ltr'>D.</span> 
     </span>
    </p>
   </div>
   <div class='ocr_carea' id='block_1_5' title="bbox 0 0 1438 4912">
    <p class='ocr_par' dir='ltr' id='par_1_7' title="bbox 0 0 1438 4912">
     <span class='ocr_line' id='line_1_40' title="bbox 0 0 1438 4912; baseline 0 2"><span class='ocrx_word' id='word_1_315' title='bbox 0 0 1438 4912; x_wconf 95' lang='lat' dir='ltr'> </span> 
     </span>
    </p>
   </div>
  </div>
 </body>
</html>
