2866 4912
627 249 778 348 *2-5-

128 462 245 535 poterat
277 462 329 516 aut
359 454 489 534 ineptius
522 465 573 518 aut
602 453 850 536 impudentius¹li
905 456 964 517 Sed
998 456 1027 517 iu
1062 457 1272 538 Cynopaediam

126 565 225 626 invehi
247 564 329 627 Plato
357 563 466 627 dicitur
494 565 530 628 de
552 565 682 646 Legibus
708 569 806 628 tertio.
851 567 883 627 ln
913 585 948 627 eo
969 567 1134 648 Xenophon
1164 569 1272 649 Cyrum

127 695 188 737 non
211 675 306 756 qualis
327 677 398 747 luit,
428 677 480 738 sed
508 675 604 758 qualis
633 684 661 738 et
688 677 737 738 ille
759 686 789 739 et
811 678 904 756 quiris
926 695 979 738 rex
1003 695 1068 739 esse
1090 678 1192 749 debet,
1221 679 1273 740 de·

90 819 93 823 ·
128 788 261 866 scripsit,
291 804 347 848 nec
374 788 465 848 voluit
491 806 556 848 eam
579 789 614 849 ad
638 789 778 850 historiae
801 788 889 862 tidem
912 790 1089 860 examinari,
1118 789 1169 849 sed
1199 790 1273 850 mul·

128 905 190 959 turn
214 898 301 959 etiam
324 898 483 960 Socraticis
510 891 633 959 indulsit
659 895 813 978 placitis2).
859 898 1071 978 igituruium,
1101 917 1189 978 quem
1217 899 1274 960 boc
1357 902 1366 912 '

128 1006 222 1070 latere
245 1026 304 1069 non
327 1015 456 1089 poterat,
481 1027 572 1087 quum
595 1011 661 1089 ipse
683 1011 712 1069 in
735 1008 872 1090 plurimis
890 1008 1014 1088 dialogis
1036 1027 1104 1071 suas
1119 1009 1184 1071 aliis
1206 1029 1272 1072 sen·
1287 1023 1320 1073 28

128 1120 236 1180 tentias
257 1119 417 1189 tribueret,
446 1120 526 1181 siin
552 1121 604 1191 iis,
629 1138 707 1199 quae
730 1121 910 1201 Cyropaedia
933 1121 1034 1191 docet,
1061 1123 1228 1202 praeceptis
1257 1139 1274 1182 a

128 1229 324 1310 Xenophonte
358 1230 509 1301 dissentit,
544 1239 605 1292 tum
638 1232 806 1311 respexisse
838 1230 918 1292 huuc
955 1239 1053 1311 potest
1084 1231 1192 1293 rideri:
1227 1233 1274 1294 sin

128 1342 236 1421 Cyrum
265 1340 354 1402 talem
382 1341 474 1403 luisse
502 1351 604 1421 negat,
634 1340 729 1421 qualis
757 1350 802 1403 est
830 1342 906 1422 apud
935 1341 1179 1422 Xenophontem,
1214 1361 1273 1404 non

111 1441 225 1538 'ipsum
248 1450 342 1521 hunc,
365 1452 416 1512 sed
440 1471 505 1523 eos,
529 1454 580 1533 qui
601 1452 829 1530 Xenophontem
853 1451 930 1513 male
950 1451 1168 1532 intelligebant,
1193 1454 1273 1515 relu-

129 1570 183 1631 tat,
214 1570 388 1640 tantumque
410 1561 509 1631 abest,
538 1570 572 1623 ut
594 1562 794 1644 Cynopaediae
823 1572 974 1624 auctorem
997 1564 1211 1643 reprehendat,
1242 1573 1275 1626 ut

127 1672 202 1733 nihil
224 1674 283 1733 nisi
305 1679 420 1742 caveat,
443 1690 481 1733 ne
504 1674 570 1753 quis
593 1692 641 1745 ea,
670 1692 745 1754 quae
768 1673 933 1754 Xenophon
960 1693 996 1735 ex
1019 1673 1142 1735 arbitrio
1165 1676 1273 1756 Cyrum

127 1784 199 1843 lecit
220 1781 390 1864 loquentem
414 1791 616 1863 elegantem,
645 1786 684 1844 ita
713 1783 872 1845 arbitretur
896 1787 1060 1864 proposita,
1090 1788 1173 1866 qnasi
1197 1785 1273 1847 acci·

128 1893 226 1956 derint
255 1913 338 1956 vere:
373 1912 471 1972 neque
499 1895 579 1956 enirn
607 1895 790 1974 exprobrare
822 1894 1010 1975 Xenophonti
1043 1896 1125 1958 Plato
1157 1903 1275 1977 poterat

127 2004 200 2076 hoc,
235 2006 312 2085 quod
345 2012 448 2067 contra
476 2024 578 2066 rerum
605 2007 758 2066 veritatem
791 2003 936 2085 quaedam
965 2013 1129 2076 narrasset,
1164 2008 1274 2088 quippe

118 2133 204 2193 <quae
227 2114 418 2195 exprobratio
447 2116 478 2176 in
506 2118 608 2196 ipsum
631 2114 752 2178 caderet
779 2114 871 2176 multo
894 2118 988 2195 magis
1011 2134 1099 2195 quam
1122 2120 1152 2180 in
1175 2118 1274 2178 Xeno-

129 2225 278 2306 phontem.
323 2226 382 2286 lam
411 2244 481 2286 vero
502 2224 585 2286 Plato
609 2244 658 2305 ea,
687 2244 763 2305 quae
791 2227 822 2286 iu
845 2225 1026 2307 Cynopaedia
1053 2246 1168 2289 summa
1195 2234 1273 2297 suut,

129 2335 165 2396 de
187 2333 278 2396 rebus
299 2335 336 2396 ad
358 2336 404 2396 rei
431 2333 566 2416 publicae
593 2334 838 2414 gubernationem
862 2344 892 2396 et
919 2335 1150 2416 philosophiam,
1181 2338 1274 2418 inpri-

198 2581 224 2647 1)
244 2583 298 2647 Qui
316 2579 518 2647 Cyropaediom
541 2585 604 2647 post
627 2580 777 2632 secuudum
800 2581 834 2633 de
853 2583 894 2633 Re
916 2582 1027 2648 publice
1049 2583 1149 2634 librum
1172 2582 1275 2635 editam

129 2667 294 2731 censebant,
312 2668 341 2717 in
359 2666 403 2716 hie
421 2666 503 2716 rebus
515 2665 618 2716 nullam
629 2665 761 2716 invenero
775 2665 981 2726 difficultatem,
1000 2664 1048 2718 sed
1060 2669 1089 2718 iu
1101 2667 1162 2719 loco
1176 2668 1275 2735 Cyrop.

127 2752 179 2815 Vl,
200 2755 227 2815 1,
245 2754 276 2802 41
302 2753 349 2818 qui
373 2767 406 2803 ex
425 2751 494 2817 Bep.
513 2751 561 2814 IV,
584 2767 610 2816 p.
629 2752 680 2802 436
697 2753 730 2805 Α.
755 2765 814 2816 sqq.
840 2757 869 2803 et
890 2769 916 2818 p.
933 2755 983 2805 439
1002 2751 1032 2803 C.
1049 2768 1110 2820 sqq.
1128 2754 1276 2805 videbatur

128 2837 235 2888 ductus.
271 2836 325 2887 Sed
343 2840 436 2903 potest
454 2835 609 2900 Xenophon
627 2835 656 2885 iu
676 2851 710 2885 ea
727 2850 756 2886 re
776 2852 837 2886 curn
856 2837 972 2890 Platone
991 2839 1036 2889 vel
1054 2839 1087 2889 ob
1107 2854 1275 2889 communem

128 2923 283 2973 consentire
296 2921 419 2972 Socratis
431 2919 615 2987 disciplinam.
637 2918 767 2971 Ceterum
779 2919 855 2972 locus
868 2938 885 2972 a
898 2920 1056 2974 camerario
1069 2919 1117 2988 [ed
1130 2924 1230 2989 Cyrop.
1243 2922 1274 2989 l.]

127 3024 161 3058 ex
173 3009 260 3074 Iregg.
273 3007 312 3059 IX
325 3006 438 3068 allatus,
454 3006 482 3056 in
495 3022 547 3071 quo
561 3004 716 3071 quaerendo
729 3004 891 3057 laborarunt
902 3006 963 3059 intt.
979 3011 1022 3057 est
1034 3009 1122 3073 Legg.
1136 3009 1170 3070 X,
1184 3024 1210 3074 p.
1223 3009 1273 3061 896

126 3094 161 3143 D.
173 3094 206 3147 Ii.
229 3095 373 3145 Postremo
394 3092 477 3141 Heur.
496 3091 654 3155 Stephanus
672 3089 701 3139 in
718 3094 786 3141 nott.
806 3089 842 3140 ad
860 3091 948 3156 Legg.
967 3091 1009 3142 111
1029 3092 1145 3156 putebat
1163 3108 1212 3158 pro
1231 3108 1274 3144 se·

128 3177 218 3228 cundo
236 3177 270 3227 de
288 3178 329 3228 Re
347 3175 458 3242 publica
476 3175 549 3240 opud
562 3174 680 3226 Gellium
697 3175 853 3241 ponendum
872 3190 933 3226 esse
953 3176 1064 3227 tertium
1082 3177 1115 3227 de
1135 3168 1272 3244 Legibus:

128 3262 198 3327 quod
218 3262 300 3312 miror
317 3261 364 3327 qui
381 3261 410 3310 in
429 3263 548 3309 mentem
566 3258 660 3310 venire
678 3260 801 3324 potuerit
823 3259 927 3310 homiui
949 3259 1120 3327 doctissimo,
1146 3264 1192 3329 qui
1210 3262 1274 3314 Gel-

126 3346 193 3396 lium
211 3350 291 3396 norat
313 3348 496 3409 statuentem,
519 3344 609 3409 ipsum
630 3344 736 3409 Legum
759 3344 870 3394 tertium
893 3345 1026 3411 prodiisse
1050 3351 1113 3411 post
1135 3347 1274 3412 Cynopae-

128 3431 201 3481 dism
224 3432 254 3480 in
276 3445 363 3496 eoque
385 3429 530 3481 Platonem
552 3427 729 3494 respondisse
752 3429 942 3496 Xenophonti:
967 3428 1067 3481 deinde
1089 3432 1113 3481 si
1137 3429 1274 3498 Cyropse·

127 3515 199 3566 diam
217 3519 281 3580 post
297 3516 403 3580 Legum
422 3515 536 3564 tertium
557 3517 639 3578 putes
657 3512 770 3577 editam,
793 3530 826 3564 ex
849 3514 948 3566 insulis
965 3516 1110 3566 beatorum
1134 3521 1162 3567 et
1180 3516 1215 3566 ab
1233 3517 1274 3566 in·

128 3601 193 3650 ieris
215 3599 299 3649 missa
321 3599 358 3649 sit
380 3613 495 3650 necesse
518 3602 575 3648 est:
599 3612 663 3647 nam
685 3598 779 3663 Leges
803 3598 895 3650 editae
919 3603 982 3666 post
1009 3598 1116 3651 obitum
1139 3598 1273 3664 Platonis,

126 3685 179 3736 hoc
196 3691 240 3735 est
253 3687 316 3750 post
327 3683 371 3735 Ol.
386 3682 486 3747 cvm,
499 3685 516 3733 2
529 3683 565 3748 (v.
578 3681 608 3732 in
620 3681 692 3732 Plat.
705 3681 771 3735 usin.
786 3686 814 3733 et
826 3685 915 3750 Legg.
928 3700 955 3750 p.
969 3686 1000 3736 73
1020 3680 1093 3750 [odd.
1104 3684 1167 3735 libr.
1186 3684 1274 3746 „iiber

127 3770 171 3820 die
189 3767 378 3834 vierjiihrigen
391 3767 595 3819 Sonuenlareise
614 3769 662 3820 der
675 3769 780 3820 Alten“
799 3786 825 3836 p.
840 3770 873 3820 35
886 3765 989 3835 seqq.]l
1005 3767 1159 3833 Xenophon
1172 3773 1272 3832 sutem,

128 3855 174 3920 qui
197 3853 266 3903 obiit
289 3854 496 3919 nonagenarius
519 3850 712 3920 (Po-Lucisn-
735 3854 858 3906 Macrob.
882 3868 906 3904 c.
925 3852 983 3916 21),
1012 3853 1036 3902 si
1059 3851 1102 3907 01.
1120 3852 1272 3918 LXXXIX,

128 3942 141 3988 1
162 3945 190 3988 ut
209 3953 293 4002 supra
312 3934 350 4004 [p.
373 3929 518 4005 15'=13]
538 3938 669 3996 vidimus,
693 3938 795 4005 viginti
817 3938 928 3988 minime
947 3937 1070 3987 habebat
1093 3951 1194 4001 annos,
1218 3953 1273 3988 non

127 4026 221 4087 potest
243 4025 306 4086 post
328 4021 370 4074 01.
389 4018 499 4088 (ΝΗ
521 4022 608 4073 fuisse
632 4022 661 4071 in
685 4022 766 4077 vivis.
806 4023 979 4086 Quamquam
1001 4020 1084 4087 vulgo
1108 4021 1192 4073 etium
1215 4038 1272 4072 ma·

127 4107 215 4157 torius
235 4105 357 4156 creditur
376 4106 542 4158 decessisse:
561 4123 587 4157 v.
608 4105 769 4158 Schneider.
787 4106 876 4160 Praei.
895 4104 1005 4157 Hellen.
1024 4122 1049 4172 p.
1069 4105 1116 4157 Xl.

188 4189 215 4253 2)
236 4191 372 4242 Noturunt
384 4192 436 4242 hoc
450 4191 547 4242 Cicero
560 4187 590 4258 [l.
604 4188 651 4259 c.],
664 4189 718 4239 Ios.
733 4189 864 4256 Scaliger,
878 4189 911 4240 D.
921 4190 1064 4244 Petavius.
1081 4192 1115 4242 V.
1128 4191 1272 4258 Fragnier.

126 4275 144 4328 l.
164 4292 187 4328 c.
207 4292 233 4342 p.
252 4277 292 4326 79.
327 4276 404 4326 Adde
428 4280 541 4342 praeter
562 4274 633 4325 alios
657 4275 767 4341 Menag.
790 4273 825 4324 ad
849 4274 930 4341 Diog.
953 4275 985 4325 1..
1004 4276 1059 4339 ΙΙΙ,
1084 4278 1124 4330 ot.
1161 4279 1272 4329 Dacior.

126 4362 182 4414 vit.
202 4359 274 4412 Plat.
294 4377 320 4425 p.
342 4363 404 4424 112,
428 4365 457 4410 et
475 4358 611 4411 Gallicum
629 4361 735 4429 Legum
753 4359 934 4429 interpretem
952 4360 1082 4413 Groviusn
1100 4361 1128 4410 iu
1147 4366 1217 4412 nott.
1237 4361 1272 4412 ed

126 4444 175 4495 lib.
194 4444 246 4495 111.
