2866 4912
173 368 322 431 iaciebant
343 376 459 427 veteres
482 365 614 435 fabulae,
645 383 765 426 necesse
789 373 833 425 est
861 366 924 424 eius
952 362 1027 423 lilios
1050 371 1079 422 et
1101 370 1226 442 nepotes
1248 379 1325 440 gen-

174 483 248 541 tium
272 472 417 557 (γενοῖν),
450 495 523 553 quas
547 494 741 555 unaquaeque
765 485 897 534 veterum
921 473 1049 534 tribuum
1077 471 1206 533 babebat
1230 493 1326 534 nona-

176 591 270 669 ginta,
296 589 388 648 ternis
411 586 552 666 pbratriis
580 586 703 655 divisas,
727 583 843 645 habitos
866 593 1003 646 auctores
1025 585 1130 644 luisse:
1159 584 1238 644 unde
1262 583 1325 644 col·

176 699 248 778 ligas
264 697 445 760 Butadarum
468 704 586 775 gentem
611 695 703 757 tribui
718 694 894 756 Teleontum
918 713 983 754 esse
998 703 1232 755 annumeratam.
1263 694 1326 755 lam

177 828 245 870 vero
274 809 367 870 Butae
396 825 521 876 nomen,
554 825 570 867 a
605 804 700 865 bobus
730 812 829 865 aratro
858 807 965 865 iunctis
998 804 1120 866 ductum
1132 803 1167 883 ¹),
1202 813 1326 882 gentem

177 918 358 981 Butadarum
386 918 525 997 primitus
553 917 643 977 luisse
671 917 811 976 rusticam
844 914 975 976 declarat
1007 916 1208 995 apertissime;
1245 915 1327 977 unde

176 1032 318 1092 rusticam
351 1026 465 1088 iudices
492 1026 667 1087 Teleontum
698 1025 808 1086 tribum
843 1043 966 1086 necesse
995 1034 1053 1086 est:
1090 1025 1328 1105 comprobatque

177 1142 234 1201 hoc
256 1141 345 1200 etiam
368 1137 481 1197 Locrus
503 1135 552 1196 ille
574 1135 726 1206 Eribotes,
750 1134 902 1197 Teleontis
924 1135 1011 1196 Locri
1034 1135 1126 1206 iilius,
1149 1155 1168 1196 a
1189 1134 1328 1216 pluribus

179 1248 373 1330 scriptoribus
401 1249 478 1307 inter
506 1248 690 1325 Argonautas
717 1253 977 1307 commemoratus.
1029 1244 1142 1326 [Facile
1171 1247 1253 1306 enim
1282 1248 1328 1306 in·

180 1360 321 1439 telligitur
345 1376 452 1436 „quem
477 1357 572 1417 locum
596 1358 626 1417 in
642 1357 744 1416 Atticis
767 1354 874 1417 sabulis
890 1354 1050 1417 obtinuerit
1066 1356 1157 1417 liutes
1172 1353 1329 1416 Teleontis

180 1472 199 1531 l.
224 1469 351 1531 eundem
374 1471 403 1529 in
419 1467 551 1528 Locrieis
573 1469 705 1528 tenuisse
728 1465 870 1527 Eriboten
891 1465 1042 1527 'Teleontis
1064 1467 1106 1528 i.⁴⁴
1131 1513 1137 1526 .
1158 1513 1190 1527 ..
1214 1466 1329 1535 „Butes

180 1591 278 1643 autem
302 1587 331 1642 et
352 1577 490 1640 Eribotes
512 1595 601 1657 quum
624 1575 776 1638 Teleontis
806 1576 824 1634 l.
849 1577 923 1645 sint,
952 1575 1021 1652 quid
1053 1579 1145 1655 magis
1167 1584 1329 1638 consenta-

181 1710 269 1752 neum
299 1698 344 1750 est
371 1707 459 1766 quarn
482 1686 633 1748 Teleontis
660 1689 780 1747 nomine
809 1688 968 1764 significari
996 1685 1134 1748 colonum
1164 1689 1225 1748 sive
1247 1690 1329 1767 agri·

181 1802 314 1863 eolanri·‘
342 1845 444 1860 .....
470 1798 601 1868 „llorum
625 1800 715 1874 igitur
735 1796 911 1858 Teleontum
938 1798 999 1858 sive
1027 1797 1223 1875 agricolarum
1247 1800 1329 1876 quod

182 1931 254 1990 gens
277 1906 394 1987 (γένος)
418 1909 530 1968 luerint
550 1907 689 1982 Butadae,
713 1907 862 1968 Teleontis
884 1907 982 1967 iudico
1007 1907 1102 1969 liuten
1125 1909 1217 1969 lilium
1240 1908 1329 1987 vulgo

182 2021 293 2082 dictum
323 2038 400 2079 esse:
438 2036 493 2077 nec
522 2019 573 2096 qui
600 2014 766 2079 iabularum
794 2019 964 2078 varietatem
999 2020 1127 2093 noverit,
1160 2018 1355 2091 mirabitur,‘

184 2129 263 2209 quod
286 2127 417 2190 Butadae
440 2128 544 2207 ipsis.
567 2125 768 2189 Eteobutadae
792 2127 921 2207 (gentem
944 2126 1026 2197 dico,
1056 2147 1116 2189 non
1139 2145 1247 2207 pagum
1271 2129 1331 2192 Bu·

184 2241 333 2309 tadarum,
357 2239 408 2316 qui
430 2258 445 2298 a
469 2246 556 2317 gente
572 2238 690 2298 demum
707 2236 914 2298 denominatus
931 2240 985 2317 est)
1009 2237 1096 2300 aliam
1111 2242 1206 2300 secuti
1221 2259 1330 2318 genea-

183 2351 291 2431 logiam
319 2358 396 2412 sunt.
442 2349 478 2409 ΙΙΙ
507 2350 585 2410 euim
614 2367 672 2408 rron
702 2347 738 2407 ab
768 2348 853 2418 lone,
881 2347 933 2408 sed
965 2347 1002 2408 ab
1028 2349 1211 2419 Erechtheo,
1241 2371 1329 2430 quem

185 2469 353 2542 genuerunt
375 2461 468 2521 Terra
491 2467 521 2520 et
543 2458 706 2527 Vulcanus,
736 2460 919 2538 repetierunt
940 2460 1086 2537 originem
1109 2479 1192 2522 suam
1217 2463 1332 2539 (Vitii

100 2640 113 2653 ,
185 2574 252 2635 Orr.
276 2574 307 2632 in
330 2571 489 2650 Lycurgo);
520 2577 549 2629 et
570 2569 676 2639 butes,
699 2566 891 2629 sacerdotalis
919 2569 1016 2648 gentis
1043 2577 1147 2644 auctor
1169 2570 1330 2642 labulosus,

185 2682 345 2744 Pandionis
367 2679 518 2740 ferebatur
541 2677 631 2747 lilius,
654 2680 746 2741 irater
762 2677 921 2740 Erechthei
944 2680 1027 2742 cuius
1049 2679 1136 2741 liliam
1153 2680 1330 2744 Clrtboniam

185 2794 215 2851 in
239 2790 460 2851 matrimonium
483 2788 602 2849 duxisse
625 2788 780 2850 dicebatur
794 2787 941 2868 (Apollod.
959 2790 1011 2861 ΙΙΙ,
1032 2789 1079 2859 15,
1100 2790 1125 2850 l.
1143 2791 1209 2852 coll.
1227 2791 1331 2871 Stepb.

186 2903 254 2982 Byz.
279 2919 305 2959 v.
329 2892 541 2975 Βουτάδαι).“
564 2898 595 2958 C.
620 2898 641 2958 l.
667 2898 701 2958 G.
727 2898 744 2958 l.
769 2918 794 2959 c.
818 2919 847 2979 p.
871 2895 985 2981 93212]
1015 2905 1110 2980 Atque
1131 2899 1263 2962 indidem
1286 2904 1332 2962 in·

187 3010 343 3088 telligitur,
368 3027 422 3069 cur
445 3007 537 3069 Butae
552 3017 648 3069 mater
671 3008 748 3070 dicta
771 3011 809 3070 sit
829 3009 993 3089 Zeuxippe:
1019 3012 1066 3072 cui
1088 3009 1205 3071 labulae
1227 3011 1333 3073 similis

79 3167 81 3171 .
187 3121 252 3190 illa,
287 3138 362 3199 quae
390 3117 523 3198 Hopletis
556 3117 645 3179 liliam
674 3121 773 3196 degeo
805 3121 870 3197 regi
903 3121 1037 3199 nupsisse
1071 3117 1244 3199 tradebat2).
1294 3121 1334 3183 lli

189 3229 332 3299 Butades,
356 3236 511 3309 postquam
534 3231 652 3309 antiqua
676 3229 806 3290 tribuum
829 3230 905 3289 ratio
927 3249 944 3291 a
967 3229 1117 3291 Clistlrene
1139 3229 1253 3292 sublata
1276 3242 1331 3301 est,

137 3338 141 3347 '
187 3360 265 3422 pago
290 3334 402 3423 (δήμῳ)
427 3359 536 3402 nomen
559 3340 718 3409 dederunt,
742 3348 775 3400 ut
797 3337 988 3410 Daedalidae,
1012 3339 1199 3410 Cotboeidae‚
1223 3340 1333 3403 Aetha-

189 3451 280 3521 lidae,
304 3451 436 3519 lonidae,
465 3449 600 3529 aliaeque
627 3450 807 3529 permultae;
836 3449 887 3510 sed
917 3452 1050 3528 germani
1071 3450 1233 3523 Βουτείας
1261 3470 1333 3530 gen-

189 3562 267 3631 tiles,
291 3580 350 3641 quo
372 3561 628 3638 distinguerentur
650 3580 665 3620 a
689 3560 796 3621 ceteris
818 3558 979 3621 tribulibus
1000 3561 1149 3630 insiticiis,
1172 3560 1332 3623 Eteobuta-

258 3847 284 3916 1)
303 3842 412 3916 Βούτης
430 3853 473 3900 est
490 3841 637 3915 βουκόλος.
674 3849 706 3899 V.
725 3847 847 3913 Hesyeh.
867 3853 896 3899 et
912 3850 953 3900 ibi
969 3851 1060 3914 intpp.
1081 3849 1336 3913 Distinguebantur

190 3935 303 3988 bubulci
324 3935 359 3985 ob
378 3933 626 4000 Aegioorensibus,
650 3933 740 3983 ovium
763 3937 870 3983 tantum
894 3938 923 3983 et
941 3949 1087 3998 caprarum
1109 3933 1280 3999 pastoribus,
1304 3939 1335 3984 at

191 4020 302 4070 rusticis
316 4019 553 4070 adscribebantur.
574 4018 677 4068 Auctor
689 4019 755 4084 pugi
773 4018 874 4070 dieitur
885 4018 973 4068 Butes
986 4018 1135 4069 Pandionis
1148 4017 1222 4083 apud
1235 4017 1333 4083 Steplr.

192 4105 257 4168 Byz.
274 4104 300 4154 h.
320 4120 346 4154 v.
368 4095 537 4170 [Boucoldui]
557 4107 671 4170 eratque
691 4103 750 4154 eius
769 4120 818 4154 era
835 4105 864 4154 in
881 4102 1051 4167 Erechtheo,
1070 4104 1189 4154 Peneon.
1208 4102 1234 4164 Ι,
1254 4103 1295 4160 26,
1308 4104 1333 4153 6.

192 4187 308 4239 Athenis
326 4204 426 4239 nomen
443 4188 573 4254 migravit
592 4188 731 4252 Miletum,
751 4187 823 4238 unde
843 4189 931 4239 Butos
948 4187 1073 4238 Milesius
1092 4204 1135 4254 ap.
1150 4189 1270 4238 Pausen.
1285 4187 1334 4251 Vl,
1358 4190 1363 4198 ¹

194 4275 235 4337 ti,
248 4274 272 4323 2.
293 4288 456 4339 quamquam
473 4273 525 4323 hoc
542 4289 640 4324 nomen
658 4273 715 4324 lete
735 4274 848 4338 putebat
866 4274 894 4323 in
907 4273 973 4324 Asia
991 4272 1089 4323 minori
1107 4272 1226 4338 aliisque
1245 4272 1335 4321 terris.

260 4357 287 4420 2)
304 4356 430 4423 Apollod.
450 4357 504 4414 ΙΙΙ,
525 4359 568 4419 15,
588 4359 611 4407 θ.
649 4358 743 4411 Taetz.
762 4357 798 4408 ad
816 4358 952 4425 Lycophr.
970 4360 1029 4408 494.
