2866 4912
669 553 725 614 IV.

200 722 443 797 Prooemium
469 720 656 795 semestris
682 720 832 794 hiberni
859 748 892 796 a.
919 718 1188 796 MDOOOXH.

127 875 199 976 (De
227 874 397 949 Platonis
422 873 508 948 loco
537 873 584 947 de
608 875 664 948 Re
689 872 794 974 publ.
821 873 871 947 ΙΙ.
889 901 926 973 p.
947 873 1074 949 sota,
1089 875 1132 948 B.
1161 885 1197 948 et
1224 874 1271 948 de

335 1001 492 1075 Pindari
519 1001 733 1099 fragmento
760 1000 814 1074 ibi
842 999 1019 1100 servato.)
1029 998 1054 1101 ¹)

212 1189 296 1269 Apud
326 1187 478 1249 Platonem
507 1190 538 1248 in
567 1189 674 1249 eximio
697 1204 788 1268 opere
820 1188 857 1250 de
885 1188 1065 1270 Republica
1089 1190 1270 1258 Adimantus,
1294 1202 1310 1250 3

127 1303 219 1362 irater
242 1298 425 1379 philosophi,
454 1304 611 1377 postquam
635 1308 737 1379 poetas
760 1300 875 1376 epicos,
900 1299 1061 1362 Homerum
1085 1302 1270 1380 praesertim,

126 1428 229 1470 severo
251 1409 359 1470 indicio
382 1408 545 1477 damnavit,
574 1408 653 1488 qnod
676 1408 749 1469 deos
778 1427 935 1489 perperam
963 1411 1154 1472 tradidissent
1175 1411 1271 1490 preci-

129 1521 195 1584 hus.
226 1520 378 1580 sacrificiis
405 1537 439 1578 ac
467 1517 690 1578 lustrationibus
718 1517 827 1598 placari
856 1538 959 1600 posse,
990 1539 1027 1580 ne
1057 1519 1272 1580 ulciscerentur

128 1632 264 1690 meritos:
295 1648 352 1708 qno
375 1628 525 1699 ostendat,
550 1646 638 1705 quam
661 1627 716 1688 bae
739 1627 856 1690 fabulae
878 1632 983 1690 animis
1005 1629 1181 1691 iuvenilibus
1204 1648 1272 1709 per·

130 1741 258 1799 niciosac
286 1741 360 1807 sint,
388 1736 497 1799 indolis
525 1740 671 1816 ingenuae
700 1738 933 1810 adolescentem,
964 1743 1013 1820 qui
1042 1740 1161 1820 quidem
1185 1739 1272 1800 dictis

128 1849 292 1909 istiusmodi
316 1849 398 1928 qnasi
422 1847 569 1916 involare.
599 1857 687 1928 atque
716 1848 785 1909 inde
815 1850 892 1910 velut
915 1869 986 1929 apes
1007 1869 1129 1910 succum
1153 1869 1169 1910 e
1192 1849 1272 1910 dori·

129 1960 199 2029 bus,
224 1968 327 2038 petere
349 1958 471 2018 consilia
488 1967 589 2035 queat,
614 1958 729 2019 inducit
743 1959 979 2039 perpendentem
995 1979 1029 2020 an
1046 1959 1271 2026 deliberantem,

128 2078 194 2130 utra
217 2071 293 2129 vitae
308 2078 388 2129 secta
410 2067 467 2127 sihi
483 2067 637 2144 deligenda
659 2070 712 2128 sit:
735 2072 988 2148 temperantiaene
1007 2088 1041 2129 ac
1057 2071 1186 2130 institiae
1202 2088 1272 2147 ope·

129 2306 316 2368 comparare,
340 2306 411 2366 quia,
436 2287 505 2346 dum
528 2287 745 2366 improbissima
770 2307 901 2366 qrraeqne
925 2288 1052 2349 audendi
1077 2296 1155 2349 esset
1177 2290 1270 2366 copia,

131 2397 222 2458 nihilo
250 2399 346 2457 secius
379 2395 540 2455 haberetur
574 2398 774 2475 probissimus.
820 2400 916 2457 Aurea
949 2397 1036 2476 plane
1070 2396 1157 2456 rerba
1192 2404 1273 2471 sunt,

130 2506 238 2585 quibus
260 2506 375 2566 divinae
398 2507 506 2566 mentis
527 2507 646 2585 sapiens
668 2506 863 2583 cogitationes
886 2505 1039 2567 hominnm
1062 2508 1174 2585 aperit,
1197 2525 1273 2585 quae

130 2636 182 2678 cos
204 2617 240 2677 ad
264 2616 431 2696 probandas
453 2617 691 2695 exercendasqne
714 2624 792 2676 artes
820 2615 911 2677 malas
942 2616 1089 2676 adducant
1115 2624 1144 2675 et
1166 2634 1273 2695 provo·

130 2736 212 2797 cent;
235 2726 404 2806 debentque
428 2746 461 2787 ea
485 2725 636 2795 oninihus,
661 2728 710 2806 qui
732 2725 789 2787 sihi
812 2745 915 2787 cavere
938 2726 975 2786 ah
998 2725 1162 2787 inhonestis
1184 2727 1274 2788 mori·

130 2837 185 2898 hus
212 2836 328 2907 volunt,
364 2837 419 2914 legi
450 2846 480 2896 et
507 2837 613 2913 relegi:
649 2855 707 2914 quo
737 2839 830 2913 magis
859 2856 968 2916 operae
1001 2838 1129 2916 pretium
1159 2836 1274 2896 videtur

130 2946 241 3027 aliquot
262 2948 331 3008 inde
354 2949 483 3008 eximere
499 2947 620 3014 menda,
644 2946 753 3023 quihus
776 2965 853 3007 nunc
870 2950 1021 3024 inquinata
1045 2954 1121 3023 sunt.
1154 2946 1273 3007 initium
1336 2918 1342 2930 .

131 3057 221 3135 igitur
245 3058 301 3117 hoc
324 3055 411 3132 est²):
440 3051 552 3117 Ταῦτα
574 3052 700 3132 πάντα,
724 3056 805 3137 ἔφη,
835 3045 862 3117 oi
885 3057 963 3136 φίλε
988 3052 1182 3136 Σώκρατες,
1204 3075 1274 3116 τοι·
1375 3112 1379 3117 .

132 3165 217 3226 αὐτα
240 3159 295 3226 καὶ
318 3166 463 3227 τοσαῦτα
486 3162 651 3246 λεγόμενα
673 3160 793 3247 αἱρετῆς
815 3165 891 3247 πέρι
914 3162 969 3227 καὶ
989 3165 1123 3245 κακίας,
1147 3158 1192 3238 ὠς
1213 3159 1271 3225 ἄν·

132 3279 267 3354 θρωποι
288 3271 344 3336 καὶ
365 3269 442 3336 θεοὶ
465 3274 543 3356 περὶ
564 3270 649 3336 αὐτὰ
672 3275 786 3356 ἔχουσι
808 3276 918 3358 τιμῆς,
947 3276 983 3337 τί
1006 3271 1147 3355 οἰόμεθα
1170 3268 1274 3336 ἀκού·

132 3406 232 3458 οντας
239 3384 262 3462 ³)
277 3383 365 3446 νέων
380 3381 487 3466 ψυχὰς
502 3393 629 3465 ποιεῖν,
648 3381 720 3447 ὅσοι
736 3380 875 3467 εὐφυεῖς
897 3380 953 3447 καὶ
968 3383 1079 3446 ἱκανοὶ
1095 3381 1150 3447 ἐπὶ
1166 3382 1275 3447 πάντα

131 3492 172 3556 cd
200 3492 364 3576 λεγόμενα
390 3489 500 3577 ὥςπερ
529 3492 745 3575 ἐπιπτόμενοι
779 3496 1047 3576 συλλογίσασθαι
1081 3489 1116 3568 ἐξ
1149 3488 1274 3573 αὐτοῖο,

132 3603 227 3678 ποῖός
248 3627 298 3680 τις
311 3596 355 3667 ἂν
369 3597 420 3666 cdv
434 3604 491 3667 uel
506 3608 553 3688 πῇ
568 3601 752 3686 πορευθεὶς
766 3601 826 3667 τὸν
840 3606 918 3685 βίον
932 3597 978 3678 ὠς
994 3600 1113 3686 ἄριστα
1129 3601 1275 3676 διέλθοι,·

202 3836 226 3897 1)
249 3833 370 3900 [Recnsn
393 3842 436 3886 est
463 3837 533 3887 haec
551 3838 746 3888 commentatio
770 3837 798 3886 in
822 3836 920 3886 Bechii
939 3837 998 3886 Act.
1018 3834 1089 3886 Sem.
1113 3834 1179 3900 phil.
1198 3835 1276 3899 Lipe.

132 3920 186 3970 vol.
204 3921 241 3974 11.
260 3923 360 3987 partic.
380 3923 417 3972 11.
437 3938 463 3988 p.
480 3925 531 3972 413
549 3939 606 3988 sqq.
627 3920 662 3986 (a.
685 3922 769 3985 1813.)
789 3922 862 3971 etin
882 3919 1013 3972 Seebodii
1031 3918 1143 3984 Sylloge
1162 3920 1276 3980 „Neues

132 4005 235 4055 Archiv
255 4007 274 4058 f.
292 4005 392 4056 Philol.
411 4023 437 4057 u.
455 4006 583 4073 Perage*
603 4025 628 4056 a.
649 4008 723 4058 1828.
742 4007 812 4058 fasc.
830 4003 881 4055 111.
899 4022 925 4070 p.
938 4006 970 4054 57
983 4019 1041 4068 sqq.
1067 4004 1171 4054 Auctor
1189 4007 1276 4054 totam

133 4104 188 4140 rem
207 4092 304 4141 itemm
324 4092 459 4141 tractavit
475 4092 501 4140 in
521 4091 636 4140 Pindari
654 4091 784 4141 editionis
801 4089 913 4139 maioris
931 4089 998 4139 tomi
1010 4088 1124 4138 secundi
1137 4093 1216 4154 parte
1235 4087 1276 4138 al-

133 4179 207 4235 teru,
231 4191 301 4239 quae
325 4175 428 4240 prodiit
450 4192 474 4231 a,
495 4178 573 4238 1821,
597 4193 623 4241 p.
642 4176 692 4226 670
709 4189 769 4239 sqq.
795 4173 891 4238 fragm.
910 4175 961 4223 232
984 4164 1025 4236 (ἐξ
1049 4165 1164 4238 ἀδήλων
1189 4169 1276 4224 εἰδῶν

134 4261 202 4321 129).
240 4263 318 4323 Quae
337 4261 401 4310 inde
421 4260 472 4310 huc
491 4260 660 4324 rettulimus,
679 4274 713 4309 ea
731 4259 839 4308 uncinis
857 4258 980 4308 stellatis
997 4262 1061 4308 sunt
1079 4255 1233 4322 distincta-l

200 4341 228 4410 2)
246 4345 314 4411 Rep.
332 4344 372 4407 II,
391 4360 417 4410 p.
436 4346 487 4395 365
503 4348 535 4395 Δ.
554 4346 587 4397 Β.

91 4466 101 4483 ι
201 4431 230 4492 3)
251 4426 342 4495 [Nunc
359 4431 460 4495 legitur
479 4423 660 4495 ἀκουούσας.)
