2866 4912
672 159 713 219 44

120 376 257 430 tenerent
285 375 412 435 sectam,
441 367 498 426 ulia
527 365 617 425 rebus
646 363 768 432 divinis,
798 363 852 423 ulia
882 362 1016 433 militiae,
1046 363 1179 442 opilieiis
1211 361 1279 431 alia,

120 479 175 539 alia
198 497 270 558 agro
293 477 418 538 colendo
441 478 562 537 intentis
585 494 679 554 usque
703 494 752 547 eo,
776 482 808 534 ut
830 476 964 552 negotio,
996 474 1074 553 quod
1098 476 1139 533 sit
1162 474 1279 552 cuique

119 588 277 657 tributum,
307 589 469 648 immisceri
498 588 606 646 ceteris
635 584 716 647 nullo
745 584 833 644 modo
862 584 958 645 liceat.
1005 583 1063 645 Setl
1092 582 1131 643 ab
1161 582 1277 643 luorum

119 699 295 779 populorum
319 697 452 759 moribus
474 705 543 756 sunt
564 697 613 775 qui
630 694 824 756 alienissimos
846 696 939 756 luisse
962 701 1066 774 putent
1081 693 1276 754 Graecorum

120 809 162 869 vel
187 809 422 886 antiquissimos,
446 809 557 885 quique
581 815 690 885 negent
705 805 948 867 committendum
971 823 1050 872 esse,
1075 810 1108 863 ot
1124 801 1278 879 elegantis

120 927 319 997 venustaeque
342 919 468 978 nationis
491 917 652 996 primordia
675 915 868 977 Orientalium
892 913 1004 975 scilieet
1031 912 1171 973 sordibus
1201 932 1274 972 con-

119 1031 300 1091 taminentur
328 1026 365 1087 ab
394 1029 443 1095 iis,
473 1029 524 1104 qui
552 1044 643 1103 quum
673 1028 817 1104 originem
847 1027 909 1086 eius
932 1043 966 1084 ex
990 1024 1121 1085 Orientis
1144 1025 1274 1083 incuna-

120 1139 199 1200 bulis
226 1144 411 1216 repetentes,
448 1145 509 1196 tum
538 1139 666 1215 priscam
696 1138 863 1198 universam
893 1135 1035 1196 Graeciae
1066 1133 1273 1194 eruditionem

120 1248 310 1324 cultumque,
335 1246 450 1306 tabulas
472 1245 694 1324 religionesque
717 1246 875 1324 plurimas,
899 1246 1052 1323 mysteria,
1076 1244 1275 1304 lustrationes

122 1358 237 1437 aliaque
260 1356 417 1431 eiusmodi,
442 1366 592 1433 postremo
615 1364 695 1417 artes
717 1359 796 1436 ipsas
811 1357 940 1417 Orientis
956 1353 1131 1433 disciplinae
1147 1361 1275 1433 accepta

121 1469 229 1530 reterri
251 1465 480 1537 contendentes
504 1466 685 1528 Graecorum
702 1465 859 1527 detrahant
881 1474 910 1526 et
930 1465 1050 1544 ingenio
1073 1472 1103 1523 et
1117 1462 1273 1541 bonori¹).

122 1580 203 1650 Quae
232 1584 297 1637 utut
324 1584 410 1652 sunt,
443 1577 499 1637 boc
527 1585 608 1637 certe
637 1577 757 1637 infitiari
786 1577 933 1636 neminem
968 1576 1114 1655 oportuit,
1149 1577 1276 1653 priscae

122 1689 262 1750 Graeciae
278 1687 380 1747 eadem
396 1690 474 1756 lere,
498 1706 573 1766 quae
589 1686 734 1756 Orientis,
758 1688 890 1747 instituta
906 1687 1032 1765 reperiri
1047 1693 1106 1745 tam
1131 1687 1163 1745 in
1181 1684 1276 1745 rebus

123 1799 256 1879 prolenis
278 1815 365 1875 quam
390 1798 420 1856 iu
443 1796 562 1858 divinis:
593 1798 686 1874 quod,
711 1796 780 1856 lieet
803 1815 861 1857 non
885 1796 1049 1856 inamlitum
1072 1793 1185 1864 doctis,
1210 1814 1274 1856 uno

122 1910 247 1969 Ionicae
273 1907 370 1986 gentis
398 1907 629 1968 monstrabimus
651 1905 804 1987 exemplo.
835 1908 918 1966 curios
941 1903 1159 1984 rempublicam
1184 1906 1276 1966 initio

121 2036 272 2098 peraeque
294 2018 426 2077 invenias
448 2025 535 2096 atque
557 2017 687 2078 Orientis
709 2019 842 2078 civitates
865 2007 1062 2078 constitutam.
1130 2037 1133 2042 ·
1280 2021 1282 2024 ’

208 2127 297 2197 lonis,
316 2126 415 2188 Xutho
432 2127 491 2188 nati
508 2145 543 2186 ex
559 2124 694 2205 Apolline
711 2134 740 2186 et
755 2128 865 2189 Creusa
877 2123 992 2196 attica,
1010 2133 1150 2203 quattuor
1166 2125 1275 2187 ierun-

124 2326 351 2334 ---·—-.——-—

124 2453 156 2505 O.
171 2454 202 2502 B.
217 2451 353 2502 Matthiae
367 2451 595 2515 Altenburgensis
614 2451 653 2513 (in
666 2452 877 2501 Zimmermanni
890 2452 979 2501 diario
997 2449 1176 2516 philologiae:
1197 2452 1275 2501 Zoit-

122 2538 223 2588 sehriit
241 2536 286 2586 fur
298 2536 323 2586 d.
336 2534 579 2586 Alterthumswisa.
602 2538 675 2586 1840.
690 2538 722 2586 N.
736 2539 769 2586 93
782 2536 899 2601 εᾳᾳ.).“.«
910 2536 1016 2600 Quibus
1029 2533 1152 2584 addendi
1165 2541 1233 2585 sunt
1247 2537 1271 2586 1.

123 2621 155 2672 G.
176 2622 335 2683 Droysenus
354 2618 410 2683 (die
427 2618 553 2669 Attieehe
572 2619 912 2685 Comruunalverlassung,
935 2621 963 2669 in
982 2618 1128 2669 Schmidiii
1146 2618 1281 2683 sylloge:v

122 2704 300 2770 „Zeitschrilt
318 2704 337 2753 f.
351 2703 611 2754 Gesebiohtswiss.“
630 2710 693 2755 tom.
707 2706 783 2759 Vlll.
803 2721 828 2771 p.
841 2707 890 2756 ‘289
903 2720 963 2769 sqq.
977 2707 1027 2755 385
1040 2719 1098 2767 sqq.
1112 2701 1151 2767 (a.
1169 2704 1272 2766 1842),

122 2790 154 2840 E.
173 2790 208 2841 H.
230 2786 262 2841 0.
280 2787 413 2837 Miillerus
443 2784 487 2852 (de
510 2789 664 2854 priscarum
691 2794 823 2855 quattuor
845 2789 939 2855 populi
962 2788 1025 2838 Ath.
1049 2788 1169 2838 tribuum
1198 2803 1274 2852 quae

122 2872 206 2938 vulgo
225 2871 335 2922 lonicae
355 2871 482 2923 dicuntur
500 2874 616 2939 originis
633 2874 775 2940 Morburgi
798 2891 823 2925 a.
845 2873 944 2939 luta),
967 2873 1056 2923 Maur.
1076 2872 1197 2923 Maiores
1218 2873 1274 2936 (di-

124 2957 211 3009 versis
234 2954 475 3022 Euoyelopaediae
497 2958 631 3009 Halensis
653 2958 793 3021 articulis,
824 2959 971 3025 praecipue
994 2973 1016 3008 s.
1039 2973 1099 3010 voc.
1123 2956 1273 3021 „Phrato-

123 3041 195 3092 ren“
224 3047 252 3092 et
279 3040 454 3106 „Phyunrq
480 3043 513 3096 F.
536 3044 658 3094 Haasius
682 3040 737 3110 (die
764 3044 864 3095 Athon.
892 3039 1186 3106 Stammveriassuug).
1228 3042 1273 3093 Ex

124 3124 230 3190 sylloge
255 3125 499 3192 „Abbandlungen
523 3127 572 3179 der
593 3128 1008 3194 historiseh·philosophiseben
1027 3125 1217 3179 Gesellsehait
1241 3129 1273 3177 in

123 3210 253 3274 Breslau,
272 3211 324 3263 Bt.
342 3212 364 3261 Ι.
384 3211 471 3262 Bresl.
491 3209 600 3279 1857.“]

193 3327 218 3392 1)
239 3325 377 3395 [,‚Quodsi
396 3330 443 3395 qui
462 3346 567 3394 eornm,
587 3347 655 3397 quos
667 3333 819 3391 nominavi,
839 3336 1040 3397 praetereaque
1053 3331 1115 3393 alii,
1134 3344 1202 3393 quos
1215 3345 1273 3382 non

124 3415 279 3479 nominari,
297 3419 435 3481 negarunt
452 3415 538 3466 talem
550 3417 721 3482 negotiorum
734 3416 957 3468 distributionem
968 3415 1174 3477 hereditariam,
1197 3429 1272 3479 quas

125 3498 199 3565 apud
220 3500 372 3566 Aegyptios
395 3504 424 3550 et
441 3500 564 3551 Orientis
586 3501 702 3568 populos
725 3502 879 3566 antiquitus
906 3502 1035 3552 instituta
1063 3506 1091 3551 et
1115 3500 1272 3566 patriorum

124 3585 312 3650 perpetuitate
331 3600 434 3635 morum
453 3584 613 3636 confirmata
632 3591 688 3648 est,
712 3585 877 3637 Graecorum
897 3587 1043 3636 convenire
1062 3585 1162 3636 indoli:
1191 3586 1271 3650 equi·

124 3670 199 3729 dein,
224 3668 297 3733 quod
315 3669 483 3720 Graecorum
501 3671 641 3737 ingenium
663 3686 696 3720 ex
719 3671 856 3722 institutis
875 3669 1043 3721 Graecorum
1067 3669 1271 3720 aestimandum

125 3759 181 3812 est,
210 3768 264 3805 non
287 3768 356 3818 quaa
379 3767 471 3804 eorum
494 3755 621 3805 instituta
645 3755 760 3818 inerint,
785 3772 818 3807 ex
841 3760 992 3821 praecepta
1015 3754 1048 3805 de
1075 3754 1187 3819 ingenio
1210 3755 1271 3819 opi-

124 3838 206 3890 nione
225 3837 412 3897 statuendum,
430 3839 588 3902 primarium
601 3855 699 3890 censeo
717 3840 746 3890 id
764 3856 834 3901 esse,
855 3845 885 3890 ut
902 3839 1029 3904 qualibus
1043 3839 1143 3890 Graeci
1158 3853 1270 3903 quaque

126 3926 219 3972 aetate
237 3922 375 3973 institutis
392 3924 436 3973 usi
453 3923 523 3984 sint,
543 3929 732 3989 pernoscatur.
757 3925 843 3989 Atqui
861 3925 922 3989 ipsa
936 3939 968 3974 ea
981 3929 1071 3986 aetas,
1090 3923 1168 3974 euius
1182 3921 1271 3973 bisto-

126 4006 167 4055 ria
185 4009 262 4055 eorta
280 4010 336 4068 est,
360 4007 435 4058 baud
460 4023 551 4073 pauea
574 4010 657 4059 offert
679 4009 800 4074 vestigia
823 4011 884 4060 eius
906 4009 1029 4059 instituti
1053 4025 1087 4058 ex
1111 4023 1165 4071 quo
1183 4009 1271 4058 certis

127 4089 241 4139 familiis
258 4090 304 4141 vel
322 4092 452 4156 gentibus
471 4099 548 4144 certa
566 4094 630 4144 olim
649 4097 762 4161 negotia
781 4094 991 4159 competebant:
1015 4109 1071 4157 qua
1096 4092 1130 4142 de
1153 4107 1181 4141 re
1200 4107 1269 4142 uon-

126 4172 203 4222 nulla
222 4172 369 4238 diligenter
386 4177 537 4242 composita
556 4184 622 4228 sunt
639 4194 657 4229 a
675 4179 738 4230 Car.
758 4179 836 4230 Frid:
852 4179 1009 4229 Hermanno
1028 4178 1058 4242 (l.
1073 4193 1136 4243 ep.
1151 4178 1181 4227 16
1195 4176 1269 4242 sqq.)

126 4260 156 4306 et
173 4258 262 4323 magis
280 4261 479 4312 accommodate
498 4261 533 4311 ad
551 4263 673 4312 Atticam
691 4263 834 4322 civitatem
854 4264 888 4314 ab
900 4262 1006 4326 Ilgenio
1020 4261 1048 4325 (1.
1061 4278 1083 4312 c.
1098 4278 1124 4327 p.
1141 4264 1172 4310 to
1185 4260 1269 4325 sq.).“

128 4345 159 4397 C.
178 4345 200 4395 1.
220 4345 251 4396 G.
270 4344 287 4395 l.
307 4361 330 4396 e.
348 4362 374 4412 p.
394 4346 476 4400 O20b.
494 4344 588 4413 93an
