2866 4912
684 243 723 306 13

60 435 64 450 ’
132 453 300 531 scripsisse,
331 459 391 512 tum
415 451 559 529 quaedam
587 450 716 510 indidem
739 459 877 529 surrepta
898 469 953 530 pro
976 449 1099 512 arbitrio
1122 450 1159 511 ad
1181 450 1274 512 Pirae-

131 563 216 623 drum
239 562 388 624 rettulisse
410 563 591 624 crederetur.
637 560 695 621 Sed
719 560 790 622 milri
813 560 932 640 quidem
961 569 1063 622 contra
1092 578 1179 639 quam
1202 561 1275 622 olim

131 672 340 744 Valckenario,
370 675 435 752 qui,
464 675 489 733 si
517 672 553 733 de
576 671 698 733 Platone
727 672 873 750 potuisset
899 679 1014 741 tacere,
1042 672 1140 733 lamae
1168 691 1275 753 peper-

131 784 232 853 cisset,
255 782 293 843 de
315 783 446 844 Platonis
468 783 555 843 iuriis
577 784 748 861 neutiquam
772 799 836 842 esse
859 799 1048 861 persuasum,
1071 781 1128 843 alio
1151 784 1275 862 patefeci

131 889 241 970 loeo¹)‚
265 893 354 972 idque
377 912 413 954 ex
434 895 592 962 interiora,
616 893 738 971 opinor,
763 890 1150 954 Platonicorumlibrorum
1174 896 1274 972 cogni-

131 1004 225 1065 tione:
253 1022 310 1064 nec
337 1004 500 1066 Pausaniae
527 1003 671 1083 scriptum
700 1009 774 1062 teste
796 1001 961 1072 Athenaeo,
991 1005 1016 1063 si
1044 1021 1104 1064 non
1133 1013 1217 1065 acuto
1247 1010 1276 1065 et

130 1115 299 1193 ingenioso,
324 1122 405 1175 certe
429 1113 515 1175 docto
537 1114 743 1192 grammatico,
772 1120 903 1173 veterum
927 1115 1097 1175 innotuerat
1121 1116 1272 1193 cuiquam:
1291 1135 1321 1183 1n

130 1223 234 1285 sedin
262 1244 311 1294 eo,
340 1232 373 1285 ut
399 1223 474 1292 dixi,
504 1242 627 1302 prorsus
655 1224 801 1293 assentior
822 1222 1016 1294 Thiersclrio,
1045 1223 1273 1305 Xenophontem

130 1353 205 1414 tyriae
226 1335 263 1396 de
278 1334 422 1396 Pausania
443 1334 551 1402 refert,
576 1353 611 1394 ex
634 1332 756 1394 Platone
779 1350 838 1393 nou
861 1333 1005 1394 hausisse.
1036 1335 1172 1396 Attamen
1195 1335 1274 1396 undu

131 1456 176 1504 est
197 1445 270 1506 mira
293 1443 342 1505 illa
359 1444 502 1506 Platonici
525 1463 559 1504 ac
579 1443 786 1523 Xenoplrontei
808 1442 866 1503 loci
890 1442 1069 1504 similitudo?
1093 1446 1169 1506 unde
1192 1446 1273 1519 illud,

131 1554 224 1632 quod,
248 1574 324 1635 quae
347 1555 423 1636 apud
446 1554 672 1635 Xenophontem
695 1555 833 1615 Socrates
854 1554 890 1614 ad
914 1553 1086 1615 Pausaniam
1108 1557 1215 1624 refert,
1240 1575 1273 1616 ca

130 1665 208 1745 apud
230 1665 383 1727 Platonem
405 1666 558 1728 Phaedrus
588 1684 622 1725 er
650 1674 735 1744 parte
762 1665 889 1743 repetiti
932 1664 996 1724 lloc
1026 1664 1172 1744 explicatu
1195 1666 1273 1727 haud

131 1775 245 1836 videtur
267 1777 398 1838 dilllcile.
443 1775 552 1838 Calliae
580 1777 745 1837 convivium
775 1777 804 1834 in
827 1775 971 1835 honorem
994 1774 1127 1854 Autolyci
1153 1777 1273 1838 victoris

129 1888 282 1966 pancratio
310 1886 491 1948 celebratum
520 1884 719 1963 Athenaeus²)
750 1885 856 1946 idonea
885 1860 1000 1946 ratione
1032 1889 1163 1965 assignat
1196 1906 1273 1950 anno

130 1995 174 2058 Ol.
197 1996 392 2060 {Axima
419 1998 561 2058 archonte
584 1999 731 2059 Aristione
760 1997 821 2056 sire
844 1997 993 2058 Aristone:
1023 1974 1273 2077 [animadverten-
1347 1980 1350 1985 ’

128 2107 200 2167 dum
223 2116 322 2169 tamen
346 2115 404 2178 est,
428 2110 526 2188 potius
547 2125 625 2168 anno
644 2106 836 2187 praecedenti
858 2106 915 2167 troc
937 2108 1104 2169 convivium
1120 2109 1272 2187 assignan-

130 2217 200 2277 dum
223 2219 329 2289 luisse,
358 2237 426 2279 eum
448 2219 608 2297 Autolycus
637 2215 800 2278 sacrandum
824 2196 1080 2296 xenophonteml)
1104 2221 1134 2280 in
1159 2222 1272 2298 magnis

130 2327 346 2388 Panathenaeis
375 2330 492 2396 vicerit,
526 2345 602 2404 quae
624 2328 713 2386 tertio
742 2325 924 2404 Olympiadis
946 2344 1023 2386 anno
1054 2327 1202 2389 celebrari
1224 2347 1271 2389 so·

131 2434 262 2514 lebant];
301 2445 363 2496 tum
392 2437 619 2515 Xenophontem
654 2441 703 2495 aut
737 2433 867 2494 nondum
896 2442 997 2495 natum
1032 2445 1083 2497 aut
1114 2437 1271 2517 puerulum

130 2546 222 2606 tuisse
250 2546 403 2607 contendit
429 2544 711 2625 Deiphnosoplrista;
747 2562 858 2605 annum
892 2546 996 2605 aetatis
1025 2547 1089 2606 iere
1123 2546 1270 2608 decimum

129 2657 260 2734 attigisse
295 2656 407 2734 colligit
439 2655 630 2716 Casauhonus
665 2655 701 2716 ad
738 2654 921 2716 Athenaeum
958 2674 993 2716 ex
1030 2656 1097 2716 loco
1134 2657 1273 2737 Diogenis

129 2764 278 2846 [seretti.
308 2767 473 2847 Xenophon
496 2775 596 2828 tamm
620 2765 688 2825 lruic
711 2765 844 2825 convivio
866 2785 933 2827 sese
954 2768 1124 2828 interfuisse
1147 2776 1273 2831 testatur

199 3003 223 3068 l)
243 3005 286 3055 Ol.
305 3004 366 3056 Act.
384 3005 440 3056 litt.
459 3005 518 3055 Ian.
538 3021 564 3059 a,
584 3005 648 3056 1809
667 3018 738 3057 num.
757 3005 790 3052 23
807 2998 846 3069 [p.
865 3004 913 3054 181
932 3001 1015 3070 eqq.].

195 3089 223 3152 2)
242 3089 290 3141 lib.
302 3090 335 3153 V,
349 3106 374 3156 p.
387 3092 446 3140 216.
461 3091 495 3140 D.
516 3079 623 3156 [ilaivr’
642 3072 694 3140 οὖν
711 3081 873 3151 ψεύδονται
891 3081 922 3139 oi
937 3081 1094 3155 φιλόσοφοι
1111 3087 1162 3142 καλ
1178 3085 1270 3144 πολλά

127 3165 206 3240 παρά
224 3166 291 3232 τούς
308 3166 428 3240 χρόνους
446 3168 607 3242 γράφοντες
619 3163 671 3223 ούκ
684 3166 894 3236 αἰσθάνονται,
912 3166 1047 3241 καθάπερ
1063 3166 1129 3226 οὐδ’
1149 3166 1164 3228 ὁ
1183 3173 1271 3238 καλὸς

128 3255 281 3322 Ξενοφῶν,
300 3246 332 3317 ὃς
350 3250 382 3309 ἐν
399 3257 437 3329 τῷ
450 3257 597 3325 συμποσίῳ
609 3248 783 3309 ὑποτίθεται
797 3257 928 3309 Καλλίαν
942 3252 992 3310 τόν
1004 3252 1173 3312 Ἰππονίκου
1186 3251 1270 3313 Aito-

128 3339 216 3394 λύκου
234 3339 285 3393 τοῦ
300 3336 435 3403 Λύκωνος
451 3334 559 3409 ἐρῶντα
576 3340 624 3394 καλ
642 3333 828 3408 νενικηκότος.
842 3332 933 3394 αύτοῦ
949 3336 1125 3409 παγκράτιον
1143 3336 1270 3398 ἑστίασιν

126 3421 301 3493 ποιούμενον
314 3425 365 3479 καὶ
381 3420 435 3480 σύν
447 3432 507 3487 τοίς
520 3419 618 3486 ἄλλοις
631 3422 784 3493 δαιτυμόσι
796 3419 927 3493 παρόντα
939 3420 1040 3495 αὐτόν,
1053 3423 1104 3480 τόν
1116 3428 1182 3489 locas
1193 3426 1269 3497 padi

127 3507 310 3579 γεννηθέντα
332 3504 349 3579 ἢ
373 3510 439 3579 περὶ
462 3505 514 3579 τήν
537 3508 681 3576 παιδικὴν
702 3505 820 3578 ἡλικίαν
842 3503 1016 3579 ύιιάοχοντα.
1052 3509 1109 3565 ἔστι
1133 3505 1162 3565 d'
1187 3502 1270 3574 οὗτος

127 3590 143 3647 ὁ
166 3589 265 3663 καιρὸς
288 3588 360 3648 καθ’
385 3585 418 3648 όν
438 3589 579 3664 Ἀριστίων
600 3587 696 3664 άοχιον
712 3584 757 3664 ἦν.
794 3589 841 3649 ἐπὶ
864 3595 967 3649 τούτου
989 3593 1043 3665 γάρ
1067 3587 1193 3658 Εύπολις
1220 3594 1270 3649 τὸν

128 3672 292 3732 Αὐτόλυκον
315 3678 438 3744 διδάξας
465 3675 516 3734 διὰ
541 3675 745 3751 Δημοστράτου
768 3672 898 3747 χλευάζει
925 3675 978 3749 την
1000 3682 1084 3749 νίκην
1107 3680 1159 3736 τού
1181 3677 1268 3734 Arico-

127 3758 237 3833 λύκου]

195 3851 224 3916 3)
244 3848 382 3918 [Sympoa.
403 3853 429 3916 1,
448 3856 471 3907 2.
500 3840 555 3903 Ἦν
576 3848 629 3918 μὲν
647 3843 702 3918 γάρ
721 3850 941 3918 Παναθηναίων
959 3850 1016 3903 τάν
1037 3844 1169 3918 μεγάλαν
1187 3845 1270 3903 inuo-

128 3933 247 4002 δρομία,
274 3936 401 3996 Καλλίας
424 3933 457 3989 δὲ
480 3928 680 3990 ὁἹτινιουίκου
702 3928 773 4003 ἐρῶν
794 3927 951 4003 ἐτύγχανεν
974 3927 1139 3987 Αύτολύκου
1164 3930 1270 3997 παιδός

127 4010 224 4078 ὄντος·
248 4017 299 4071 καλ
320 4014 491 4087 νενικηκότα
515 4013 605 4073 αύτόν
628 4009 698 4088 ἧκεν
721 4012 798 4087 ἄγαν
821 4014 867 4072 tut
886 4013 939 4087 την
957 4016 1033 4072 θίαν
1051 4021 1111 4070 κτλ.
1147 4019 1268 4072 Eandem

127 4105 264 4155 Athenaei
282 4105 502 4156 ratiocinationis
519 4108 716 4160 correctionem
738 4109 808 4159 lecit
827 4105 942 4155 Carolus
960 4104 1118 4156 Fridericus
1136 4106 1269 4155 Herman-

127 4205 179 4240 nas
201 4189 272 4254 disp.
295 4204 377 4255 supra
400 4207 426 4255 p.
446 4193 462 4241 6
484 4194 695 4240 commemorata
723 4188 755 4239 de
779 4193 902 4255 tompore
925 4188 1053 4239 Convivii
1076 4190 1268 4254 Xenoplrontei

128 4280 197 4340 part.
216 4276 297 4341 prior.
318 4290 344 4339 p.
359 4278 375 4325 3
393 4275 456 4328 adn.
474 4278 497 4324 2.
523 4275 567 4326 Cf.
587 4289 656 4337 ryuae
676 4278 772 4324 auctor
790 4273 824 4323 ad
838 4275 1001 4325 Raumerum
1020 4275 1132 4336 scripsit
1150 4273 1167 4323 l.
1186 4290 1268 4340 supra

128 4359 224 4409 eadem
244 4377 269 4427 p.
289 4361 305 4408 6
324 4359 411 4409 citato
429 4376 454 4424 p.
472 4357 528 4423 AL]

193 4443 220 4510 ι)
239 4444 278 4508 ιι,
297 4446 339 4494 ιο.
