2866 4912
702 193 744 257 36
770 284 796 288 „.

150 401 253 481 sophia
284 402 501 469 contineretur;
536 399 587 461 sed
617 409 710 460 totum
740 400 864 460 docendi
893 418 987 477 genus
1016 401 1122 460 mirum
1154 409 1309 477 quantum

152 511 338 590 discrepabat
359 509 395 570 ab
419 511 475 571 hoe
492 521 603 571 nostro.
635 510 708 572 Nam
732 512 835 588 primis
858 509 1043 588 temporibus
1058 510 1128 569 clari
1150 510 1310 580 rhetores,

152 621 315 701 sophistae,
350 621 518 701 philosophi
548 621 655 698 singuli
685 622 747 681 lere
775 620 898 698 singuiis
926 619 970 679 vel
1002 627 1083 680 certe
1111 622 1311 699 paucissimis

153 730 331 802 haerebant,
361 750 420 792 non
449 751 484 793 ex
513 732 690 792 conscientia
719 750 789 791 suae
817 731 1008 799 infirmitatis,
1039 738 1071 790 ut
1100 730 1311 800 Quintilianus

150 840 235 921 ait¹),
259 851 409 920 tamquam
431 844 452 901 ii
476 843 524 919 qui
547 842 785 922 paedagogorum
810 842 972 918 iunguntur
995 841 1110 907 officio:
1140 841 1194 901 sed
1218 843 1308 921 quod

151 972 228 1014 unus
251 971 341 1012 uuum
366 953 475 1013 rectius
497 970 584 1031 posse
608 952 727 1013 crudire
742 952 900 1018 videretur,
925 950 975 1010 ubi
997 950 1075 1011 nulla
1094 951 1216 1012 scholae
1242 951 1309 1013 fre·

153 1065 286 1144 quentia,
312 1061 447 1122 familiari
468 1061 628 1141 colloquio,
659 1080 747 1139 quam
770 1070 874 1121 vocant
899 1056 1092 1140 διατριβήν,
1121 1068 1182 1121 tum
1214 1081 1308 1141 prae·

152 1183 236 1252 cepta
261 1191 312 1232 sna
336 1171 471 1251 discipuli
494 1174 613 1249 ingenio
637 1181 836 1251 attemperare
858 1173 954 1250 aptius
971 1179 1087 1250 posset,
1112 1178 1173 1231 tum
1197 1189 1235 1231 ex
1257 1191 1309 1243 eo,

152 1301 229 1362 quae
252 1280 353 1350 vellet,
378 1280 499 1351 elicere;
524 1284 663 1361 quocirca
687 1283 840 1361 sophistis,
865 1283 915 1359 qui
936 1282 1023 1360 primi
1047 1281 1111 1363 fere
1127 1279 1242 1342 litteras
1268 1282 1308 1342 ad

152 1391 326 1452 illiberalem
350 1399 504 1468 quaestum
528 1390 720 1460 rettulerant,
750 1412 765 1452 a
789 1390 913 1470 singulis
935 1392 1064 1468 ingentia
1092 1389 1310 1468 pendebantur

152 1498 351 1577 honoraria2).
397 1502 471 1562 Huic
494 1502 619 1562 docendi
642 1506 745 1581 generi
767 1503 910 1563 successit
932 1500 1073 1571 alterum,
1106 1501 1185 1580 quod
1209 1502 1306 1563 disci·

152 1611 237 1692 pulos
261 1631 296 1671 ex
319 1612 451 1673 tenebris
473 1631 507 1672 ac
530 1611 688 1673 solitudine
711 1614 740 1672 in
765 1613 864 1672 lumen
888 1612 945 1671 hoc
961 1619 1123 1672 conventus
1145 1611 1308 1674 studiosis·

153 1724 221 1783 simi
245 1722 401 1801 produxit;
426 1741 461 1781 ex
485 1741 543 1800 quo
559 1721 788 1784 declamationes
806 1723 1046 1799 auditionesque,
1070 1717 1251 1794 ἐπιδείξεις
1277 1733 1310 1784 et
1367 1797 1376 1810 ·

115 1849 132 1895 t
154 1822 349 1911 ἀκροάσεις,
373 1850 432 1893 non
454 1834 518 1892 sine
541 1833 667 1909 quodam
693 1833 766 1893 fastu
790 1841 820 1892 et
841 1851 947 1912 pompa
963 1833 1077 1892 institui
1092 1840 1217 1909 coeptae
1233 1842 1310 1893 sunt

154 1961 169 2002 a
186 1941 349 2019 magistris,
366 1940 505 2021 sophistis
520 1945 697 2022 praecipue,
714 1951 806 2003 artem
824 1941 1032 2022 profitentibus
1040 1939 1073 2020 ³).
1103 1941 1183 2002 llaec
1199 1951 1306 2004 autem

155 2052 215 2120 via,
246 2070 333 2130 quam
364 2053 532 2114 necessitati
554 2052 695 2113 cedentes
717 2055 869 2133 sequimur
891 2072 969 2113 nunc
999 2071 1103 2113 omnes
1126 2070 1236 2132 prope,
1269 2064 1305 2115 ut

155 2161 323 2240 expeditior
347 2169 391 2222 est
407 2165 520 2242 priore,
545 2165 582 2223 ita
600 2162 693 2223 multo
709 2173 754 2224 est
769 2165 921 2224 incertior.
953 2164 1026 2234 Ouis
1048 2170 1093 2223 est
1113 2165 1190 2223 enim
1208 2166 1307 2242 magi·

155 2279 226 2340 ster,
253 2274 301 2351 qui
327 2272 412 2333 verba
437 2291 487 2333 sua
511 2272 547 2332 ab
564 2273 703 2333 omnibus
718 2283 801 2333 recte
816 2272 941 2350 intelligi
956 2274 1049 2334 sciat?
1071 2281 1121 2332 aut
1136 2273 1202 2350 quis
1216 2275 1306 2335 audi·

155 2390 216 2450 tor,
246 2385 296 2460 qni
325 2385 458 2462 quamvis
486 2382 577 2443 multa
600 2402 704 2462 parum
727 2382 920 2454 intellexerit,
950 2385 1105 2444 mussitare
1133 2384 1163 2443 in
1192 2382 1309 2446 scholis

154 2494 248 2554 ausiti
293 2493 395 2570 ltaque
425 2511 513 2571 quam
544 2490 626 2553 libris
654 2495 783 2554 innatam
813 2495 1013 2554 infirmitatem
1042 2493 1124 2554 Plato
1155 2491 1241 2564 dicit,
1272 2507 1308 2556 ut

155 2620 250 2681 neque
273 2622 359 2682 opem
383 2602 463 2662 ferre
487 2601 558 2672 sibi,
590 2621 687 2680 neque
716 2604 951 2665 adversariorum
980 2606 1108 2684 impetus
1134 2606 1307 2683 reprimere

155 2710 284 2781 valeant,
309 2711 411 2771 eadem
436 2718 480 2772 est
502 2711 631 2773 doctoris
654 2715 793 2774 continua
809 2717 943 2775 oratione
965 2716 1091 2783 utentis;
1115 2707 1215 2786 αὐτὸς
1236 2709 1306 2796 γὰρ

154 2809 225 2881 οὔτ’
255 2814 451 2899 ἀμύνασθαι
480 2815 559 2881 οὔτε
585 2820 754 2902 βοηθῆσαι
782 2817 926 2896 δυνατὸς
954 2817 1064 2906 αὐτῷ,
1099 2827 1220 2903 eiusque
1249 2844 1307 2904 par

157 2991 384 2999 m*—

225 3106 250 3175 l)
269 3110 337 3159 lust.
357 3111 383 3168 1,
402 3112 430 3168 2,
451 3112 490 3160 10.

224 3192 249 3255 2)
267 3195 309 3243 De
328 3194 363 3243 iis
381 3194 456 3253 vide,
476 3199 506 3244 ut
525 3196 631 3245 mittam
650 3199 770 3258 ceteros,
789 3197 968 3247 Meinersium
985 3197 1058 3248 Hist.
1079 3197 1151 3249 doct.
1172 3212 1217 3262 ap.
1230 3203 1304 3248 vett.

155 3278 187 3328 T.
201 3277 238 3328 11.
252 3294 278 3343 p.
294 3279 351 3329 182.
365 3279 396 3328 F.
410 3278 580 3330 A.Wollium
592 3280 671 3334 Misc.
687 3277 771 3347 [max.
784 3278 869 3346 part]
884 3281 937 3333 litt.
954 3277 1139 3345 [Vermisehte
1158 3280 1304 3332 Schriften

155 3363 210 3412 trud
223 3363 356 3414 Aufsiitze
370 3363 399 3413 in
411 3363 595 3415 lateinischer
606 3365 661 3415 und
674 3365 821 3415 deutseber
831 3365 961 3430 Sprache,
974 3364 1146 3431 Halta1sos]
1159 3382 1186 3431 p.
1195 3368 1230 3416 ta
1238 3381 1302 3432 sqq.

223 3446 249 3511 3)
268 3446 336 3496 Inde
355 3449 401 3512 qui
420 3464 519 3498 nomen
531 3448 681 3512 duxeruut,
699 3450 879 3514 professores,
898 3450 1048 3516 principio,
1068 3451 1143 3516 quod
1155 3450 1265 3514 doleas,
1287 3469 1305 3502 a

156 3531 288 3596 sophistis
306 3531 519 3599 haudquaquam
537 3533 713 3584 differebant.
748 3533 794 3584 lta
813 3533 981 3585 Glossarium
1002 3540 1098 3586 retusa
1122 3535 1304 3601 Professores,

157 3615 301 3686 σοφισταί.
327 3618 464 3681 Profiteor,
483 3616 608 3684 δημοσίᾳ
624 3609 763 3684 διδάσκω,
783 3611 952 3682 comessatio).
975 3619 1125 3670 Rhetorum
1144 3624 1236 3669 autem
1256 3621 1305 3669 irn-

157 3701 253 3765 primis
269 3700 341 3752 haee
361 3703 415 3752 fuit
433 3703 599 3769 appellatio,
619 3703 689 3752 adeo
708 3708 739 3752 ut
751 3703 933 3768 dubitaretur,
951 3719 1015 3753 num
1034 3703 1190 3770 philosophi
1208 3714 1306 3755 essent

157 3785 328 3850 professores
340 3787 470 3838 habendi.
491 3788 616 3852 Ulpianus
629 3788 673 3850 (D.
689 3785 734 3852 [L,
747 3784 790 3853 ta]
806 3789 839 3838 de
853 3788 993 3842 extraord.
1007 3805 1086 3854 cogn.
1100 3790 1118 3843 l.
1134 3792 1156 3839 1.
1170 3790 1185 3850 ἕ
1197 3789 1239 3856 t):
1259 3791 1306 3841 An

156 3877 181 3919 et
199 3871 354 3937 philosophi,
374 3872 473 3938 inquit,
490 3872 667 3937 professorum
684 3888 786 3922 astruere
797 3875 866 3922 unt?
885 3874 920 3922 Et
937 3890 986 3925 noa
1002 3881 1101 3938 puteris
1120 3891 1169 3925 uon
1181 3876 1241 3940 quia
1254 3891 1306 3926 uon

155 3957 277 4020 relipr'oso
295 3972 338 4007 res
356 3966 408 4021 est,
431 3959 481 4008 sed
497 3960 556 4023 quia
574 3958 621 4007 boc
638 3959 744 4022 primum
759 3960 880 4022 profiteri
899 3974 943 4008 eos
966 3967 1098 4023 oporteat,
1121 3961 1305 4010 mercenariam

157 4055 262 4104 operam
283 4057 419 4106 spernere.
459 4041 512 4092 Cui
536 4057 569 4092 ex
594 4039 680 4093 Sacra
699 4042 844 4108 Scriptura
870 4043 1088 4106 respondendum
1110 4044 1233 4110 videtur,
1262 4049 1308 4111 qni

157 4140 262 4188 operam
278 4127 305 4176 r'n
327 4143 357 4177 re
375 4131 471 4191 locent,
495 4129 611 4178 mercede
634 4129 725 4192 dipnos
748 4143 813 4178 esse.
849 4125 978 4176 Ceterum
1001 4128 1035 4178 de
1056 4129 1188 4180 universa
1212 4129 1306 4194 sophi-

157 4216 261 4260 starum
286 4211 437 4276 disciplina
459 4216 488 4261 et
512 4217 649 4276 apparatu
673 4211 746 4262 haud
768 4211 886 4263 absurde
908 4211 995 4262 multa
1019 4213 1134 4279 collegit
1151 4213 1220 4262 Laid.
1239 4214 1306 4264 Cre-

157 4295 268 4357 sollius,
288 4292 446 4346 armoricus
465 4313 479 4345 e
498 4296 632 4347 societate
651 4296 729 4359 Iesu,
748 4299 777 4345 iu
790 4297 910 4347 Theatro
928 4302 1052 4349 veterum
1071 4298 1223 4361 rhetorum,
1242 4315 1304 4349 ora·

157 4386 257 4442 torum,
277 4379 508 4444 declamatorum,
527 4381 611 4432 Thes.
630 4382 707 4431 nuta.
728 4382 773 4434 (ir.
793 4382 826 4431 Τ.
846 4382 878 4434 X.
