2866 4912
693 233 715 298 5

131 443 284 522 leguntur:
313 459 492 522 quamquam
520 440 551 502 hi
581 442 668 502 etiam
692 438 746 501 alia
770 439 914 519 quaedam
937 439 1079 502 adiiciunt
1106 458 1159 502 suo
1183 458 1271 518 quac·

131 573 189 634 quc
211 547 277 616 loco
299 552 448 635 ponenda.

170 709 175 716 -
215 664 275 725 lam
303 664 507 725 examinemus
534 659 649 740 singula
678 661 821 722 Athenaei
850 661 911 721 sive
938 660 1122 739 Hagesandri
1149 679 1270 722 accusa·

130 776 219 835 tionis
246 772 382 853 capita¹).
432 773 580 841 Primum,
612 772 722 848 iuquit,
757 779 882 848 uterque
915 773 1035 851 scripsit
1066 772 1270 851 Symposion:

131 902 221 963 quum
244 894 343 945 tamen
373 902 407 944 ex
437 881 500 943 solo
530 881 668 943 similium
698 880 842 942 librorum
867 880 1050 942 edendorum
1074 881 1197 943 consilio
1220 901 1270 942 ne·

130 1003 220 1076 (pareat
247 993 346 1072 colligi
372 992 521 1062 simultas,
551 991 676 1052 alterum
705 990 786 1051 addit
814 980 935 1052 eiecisse
963 991 1114 1062 tibicinas,
1145 990 1269 1053 alterum

130 1104 345 1173 irrtrodnaisse;
366 1103 451 1183 apud
475 1102 600 1164 alterum
625 1101 777 1163 Socratem
800 1102 872 1179 fingi
898 1109 1085 1163 recusantem
1109 1101 1272 1163 maioribus

131 1214 233 1276 bibere
255 1213 387 1295 poculis,
410 1212 488 1293 apud
504 1212 628 1274 alterum
652 1212 842 1300 ademeram
866 1230 960 1291 usque
975 1220 1126 1292 potantem
1145 1232 1180 1275 ex
1195 1215 1269 1292 ipso,

130 1343 217 1403 quern
237 1323 397 1393 vocabant,
420 1331 568 1404 pspctere.
602 1320 664 1391 Qua
687 1321 723 1382 de
746 1341 780 1383 re
802 1322 974 1402 priusquam
998 1322 1138 1384 iudicium
1161 1325 1272 1403 poterit

131 1435 217 1506 terri,
247 1453 370 1497 necesse
394 1443 438 1494 ost
459 1433 629 1513 indagetur,
659 1430 790 1493 Platonis
812 1452 850 1493 an
872 1433 1078 1513 Xenophontis
1106 1435 1271 1495 convivium

130 1554 264 1627 ternpore
292 1546 331 1605 sit
357 1546 453 1624 prius,
481 1552 640 1623 propterea
668 1543 762 1620 quod,
792 1544 849 1603 nisi
871 1542 928 1604 hoc
955 1552 1128 1623 perspecto,
1157 1546 1271 1605 nescie-

129 1674 210 1725 mus,
239 1662 338 1715 utrum
367 1653 449 1715 Plato
473 1653 714 1733 Xenophontem,
744 1671 780 1713 an
804 1653 968 1734 Xenophon
992 1654 1144 1715 Platonem
1170 1673 1270 1734 respe-

130 1767 206 1827 xerit
239 1766 428 1845 carpseritvc.
487 1764 550 1825 lloc
587 1781 626 1824 ne
660 1762 750 1824 verho
786 1763 906 1844 quidem
938 1772 1063 1843 tangunt
1094 1764 1269 1833 Athenaeus,

129 1874 255 1946 Gellius,
279 1876 441 1953 Diogenes:
471 1874 726 1961 quamquauqhic
756 1872 874 1951 quidem
903 1876 933 1934 in
961 1873 1113 1936 cumulum
1143 1876 1271 1954 ineptiae

128 1986 224 2062 addit,
254 1988 341 2047 etiarn
365 1984 522 2065 Apologias
550 1984 681 2045 Socratis
710 1984 765 2045 sihi
795 1986 969 2065 opposuisse
998 1984 1112 2045 nobiles
1140 1984 1270 2064 philoso-

129 2096 220 2177 phos:
244 2093 332 2157 ἔοικε
356 2092 407 2174 de',
430 2097 539 2176 inquit,
568 2087 625 2155 καὶ
646 2089 811 2176 Ξενοφῶν
839 2089 923 2175 πρὸς
950 2087 1055 2155 αὐτὸν
1076 2087 1153 2177 (τὸν
1173 2090 1271 2155 Πλά-

128 2203 235 2289 τωνα)
257 2204 345 2286 ἔχειν
367 2194 429 2266 οὐκ
451 2198 613 2285 εὐμενῶς·
637 2199 750 2285 ὥσπερ
772 2205 857 2284 γοῦν
880 2198 1271 2284 διαφιλονεικοῦντεςτοὶ
1371 2219 1373 2222 ⁴

128 2310 226 2394 ὅμοια
251 2310 459 2395 γεγράφασι,
489 2309 707 2392 Συμπόσιον,
737 2310 943 2394 Σωκράτους
976 2303 1180 2394 ἀπολογίαν,
1212 2325 1268 2376 cet.

130 2427 239 2504 quippe
267 2425 324 2484 hoc
352 2442 439 2502 quam
467 2425 505 2484 sit
532 2422 706 2493 ridiculum,
738 2441 819 2483 nunc
847 2424 965 2484 demum
996 2422 1066 2483 licet
1093 2423 1269 2503 intelligere,

129 2541 284 2615 postquam
307 2529 520 2613 t'atctenarii2)
549 2533 684 2593 acumine
713 2531 902 2593 subdititiam
930 2551 994 2594 esse
1022 2533 1267 2613 Xenophontcam
1290 2546 1306 2594 8

129 2645 286 2706 didicimus
314 2643 447 2704 Socratis
474 2643 689 2704 defensionem.
733 2642 790 2704 Sed
821 2653 853 2704 ut
880 2643 1037 2706 redeamus
1064 2643 1100 2704 ad
1124 2642 1269 2716 Convivia,

128 2753 281 2816 Platonico
310 2755 478 2834 oppositum
509 2772 574 2814 esse
604 2752 851 2833 Xenophonteum
879 2752 981 2833 plures
1008 2753 1147 2816 dicuntur
1181 2754 1270 2818 lanius

197 2993 221 3056 1)
241 2993 273 3042 ln
291 2991 386 3042 eodem
406 2996 568 3057 argumento
587 2995 652 3041 ante
670 3007 720 3042 nos
733 2993 837 3044 versati
849 2997 914 3043 aunt
931 2991 1025 3056 multi,
1045 3008 1159 3057 quornm
1177 2997 1269 3044 tamen

127 3077 218 3128 nullus
235 3077 326 3128 omnia
343 3076 372 3126 in
390 3091 472 3127 unum
491 3080 540 3126 aut
559 3075 673 3142 collegit
690 3080 740 3128 aut
758 3077 888 3144 colligere
907 3077 961 3128 sibi
978 3079 1129 3144 proposuit.
1153 3080 1271 3130 Praeter

127 3161 210 3225 alios,
229 3161 275 3226 qni
294 3176 349 3211 rem
369 3162 487 3226 tetigere
507 3160 609 3224 obiter,
630 3175 732 3227 suoque
751 3163 866 3227 quisque
886 3166 1023 3227 ponentur
1040 3162 1112 3225 loco,
1137 3163 1270 3215 laudandi

127 3247 172 3297 hic
195 3245 263 3295 mihi
285 3251 349 3295 aunt
372 3246 472 3295 lanus
495 3244 681 3297 Carnarius
704 3247 732 3295 in
750 3246 930 3298 Praefatione
953 3247 989 3297 ad
1012 3247 1269 3314 interpretationem

127 3331 258 3382 Latinam
276 3332 418 3394 utriusque
437 3328 566 3380 Convivii
585 3326 668 3397 [quae
680 3330 783 3396 legitur
794 3336 858 3397 post
876 3331 999 3383 ciusdem
1013 3333 1269 3384 commentationem

128 3415 162 3468 de
181 3414 317 3466 conviviis
333 3419 470 3477 veterum,
490 3413 576 3469 Basil.
589 3431 614 3467 a.
629 3416 703 3466 1548.
721 3413 836 3480 editam]
857 3433 882 3482 p.
899 3419 937 3468 13.
963 3417 1143 3467 Decierins
1162 3417 1191 3467 in
1208 3419 1269 3469 vita

127 3500 254 3552 Platonis
267 3498 375 3550 Gallice
394 3499 496 3564 scripta
514 3515 539 3565 p.
560 3501 621 3561 112,
641 3514 711 3563 quae
731 3501 881 3565 praemissa
899 3505 942 3551 est
960 3501 1182 3567 interpretationi
1196 3503 1267 3567 Opp.

127 3585 201 3635 Plat.
220 3584 281 3638 Vol.
300 3585 322 3634 1.
357 3582 585 3647 Frnguierius
604 3583 633 3631 in
651 3583 726 3633 Dias.
744 3585 778 3634 de
795 3585 987 3651 Xenophontis
1000 3584 1173 3651 Cyropaedia
1186 3585 1266 3638 Mem.

127 3668 211 3721 Acad.
230 3669 319 3723 lnscr.
337 3666 400 3718 Vol.
417 3667 458 3724 11,
476 3683 502 3731 p.
515 3667 557 3715 66.
594 3666 623 3718 Ο.
642 3668 675 3718 F.
696 3668 976 3735 Hindenbnrgins
995 3669 1138 3724 Animadv.
1156 3670 1185 3718 iu
1197 3669 1267 3719 Xan.

126 3754 208 3804 Mem.
227 3753 282 3810 111,
301 3753 325 3801 6.
361 3751 539 3816 Menagius
562 3750 599 3800 ad
622 3752 704 3816 Diog.
726 3753 758 3802 L.
777 3752 819 3814 ΙΙ,
844 3754 885 3804 57.
909 3754 965 3818 111,
989 3757 1030 3805 st.
1065 3754 1216 3804 Muretus
1235 3757 1266 3807 V.

127 3841 159 3890 L.
178 3838 209 3887 V.
230 3840 271 3889 14.
307 3837 566 3899 Tennemannus
584 3836 659 3899 Syst.
679 3835 779 3902 philos.
798 3838 871 3889 Plat.
891 3839 922 3889 Τ.
941 3839 968 3900 Ι,
988 3855 1013 3904 p.
1033 3840 1065 3888 23
1083 3854 1157 3902 seqq.
1193 3839 1215 3888 1.
1234 3839 1266 3892 G.

126 3923 267 3976 Vossius
284 3918 358 3970 Hist.
378 3920 425 3970 Gr.
444 3920 470 3982 1,
488 3935 514 3983 p.
532 3920 574 3982 24,
609 3920 642 3970 F.
659 3922 692 3971 A.
710 3922 855 3972 Wolfins
879 3922 972 3974 Praei.
996 3921 1033 3970 ad
1050 3921 1121 3971 Plat.
1142 3923 1265 3988 Sympos.

128 4031 153 4080 p.
172 4012 229 4062 LX.
253 4004 401 4075 praeterea
419 4003 524 4054 Auctor
546 4002 610 4055 libri
627 4005 752 4071 Anglici‚
782 4009 940 4058 Observatt.
961 4005 1073 4056 devita
1099 4010 1128 4055 et
1154 4007 1266 4071 scriptis

127 4096 252 4147 Platonis
270 4109 295 4158 p.
314 4093 363 4142 ma
380 4089 617 4154 interpretationis
634 4090 803 4141 vernaculae
823 4108 839 4141 a
857 4090 1075 4155 hlorgensternio
1093 4096 1220 4151 carratae,
1238 4100 1267 4143 et
1348 4157 1352 4161 Ι

127 4182 192 4233 Intt.
205 4180 277 4229 Plat.
297 4193 330 4227 ac
342 4173 466 4239 Xenoph.
493 4173 548 4236 Qui
565 4172 701 4238 permulta
714 4190 880 4242 perspexero
894 4176 1008 4241 optime:
1029 4177 1154 4227 nonnulli
1174 4183 1267 4227 tamen
1301 4234 1305 4239 Ι

128 4267 204 4317 miris
228 4279 287 4315 sese
311 4259 507 4326 implicuerunt
529 4256 680 4322 erroribus,
705 4275 773 4326 qnos
791 4257 891 4329 partim
909 4261 981 4312 inira
1000 4261 1141 4325 refutabo,
1166 4264 1266 4328 partim

127 4349 344 4419 praetermittam
364 4344 484 4396 silentio.

193 4436 221 4501 a)
239 4436 281 4487 td
299 4439 370 4489 Xen.
390 4437 472 4487 Mam.
490 4431 518 4494 Ι,
539 4431 561 4478 l·
581 4435 637 4497 ΙΙΙ,
657 4440 686 4499 3,
705 4436 729 4483 9.
