2866 4912
615 126 765 222 Ae„

119 336 245 412 sumpsit
269 353 303 392 ex
329 331 493 391 Aristotelis
516 329 677 409 ltepublica
700 329 939 398 Atheniensium,
969 337 999 388 et
1022 327 1203 407 Stephanus
1226 328 1285 409 By·

121 441 275 517 zantiusll.
316 440 399 512 Quod
423 441 472 517 qui
497 439 598 499 eredat
622 438 746 519 [quique
770 449 890 508 „nestra
915 446 1009 498 aetate
1033 456 1093 497 nen
1110 438 1284 517 perspiciat

121 551 199 612 lenis
222 551 296 612 filies
320 571 354 611 ex
379 550 509 611 trilmum
534 548 701 609 nominibus
724 551 808 609 detes
825 557 916 609 esse“
939 550 970 608 C.
985 547 1006 608 l.
1022 547 1041 607 l.
1059 566 1086 607 c.
1111 567 1139 626 p.
1160 544 1281 628 929ιι]ι

122 664 146 722 is
169 661 254 722 nelris
277 661 455 740 relegandus
483 661 539 720 crit
561 660 596 719 ad
620 662 842 738 superstitiosos
864 662 952 729 istos,
981 677 1110 738 querum
1141 658 1278 726 animus,

121 773 296 833 cernnrentis
324 771 451 831 anilibus
479 770 625 838 imbutus,
657 770 892 849 pertinacissime
923 766 1057 828 inhaeret
1086 767 1211 828 traditis
1240 766 1279 827 ab

124 884 296 961 antiquitate
318 880 439 957 tabulis,
470 901 565 961 neque
594 883 623 940 in
653 888 782 939 mentem
812 898 927 948 earum,
957 878 1161 956 dignissimam
1192 897 1277 948 sane.

124 1009 212 1070 (quam
242 991 307 1051 data
339 1011 429 1071 opera
458 1001 640 1056 scrutemur.
670 990 811 1067 indagare
839 987 914 1048 vaiet
942 987 1039 1049 altius.
1085 987 1163 1058 Ouid
1194 986 1277 1067 quod

124 1110 257 1161 veterum
281 1101 414 1178 ipserum
438 1100 661 1178 prudentissimi
684 1107 914 1179 perspexerunt,
939 1117 998 1158 non
1022 1099 1058 1159 ab
1074 1097 1156 1158 lenis
1178 1096 1277 1177 prole,

123 1209 173 1268 sed
198 1228 213 1268 a
239 1212 314 1268 ritae
338 1209 499 1286 generilms
521 1212 628 1289 priscis
643 1213 755 1270 Atticae
770 1208 888 1289 populis
907 1207 999 1269 indita
1026 1208 1115 1268 baisse
1133 1209 1278 1268 nemina?

124 1327 156 1377 ut
171 1318 346 1379 Plutarchus
370 1318 433 1399 [qui
457 1329 624 1387 „veterum
649 1319 692 1378 rcl
712 1319 880 1379 Aristotelis
896 1318 940 1378 vel
956 1317 1106 1379 Atthidum
1130 1319 1223 1378 unius
1248 1328 1278 1378 et

124 1429 246 1488 alterius
262 1432 407 1498 auctoris,
432 1430 468 1490 ele
492 1430 630 1491 tribubus
652 1430 760 1490 ionicis
781 1430 842 1489 sive
864 1430 966 1490 Atticis
980 1429 1160 1490 sententiam
1177 1428 1276 1489 diser·

125 1637 181 1681 tum
200 1648 312 1695 nemen,
334 1632 382 1682 arbi
408 1625 609 1684 τιοοὉττλῖται
633 1633 765 1697 seriptum
790 1636 831 1682 est
843 1647 946 1698 perum
969 1636 1115 1693 accurate,
1140 1631 1172 1681 in
1194 1630 1279 1683 libris

125 1733 208 1782 prope
228 1723 386 1767 constanter
404 1723 447 1766 est
458 1707 599 1783 Ὅπλητες
613 1722 864 1782 proparoxytonnm
883 1724 912 1766 et
930 1716 1020 1765 herois
1038 1716 1153 1766 Ionidae
1173 1732 1279 1766 nemen

115 1790 224 1867 Ὅπλης
238 1807 268 1850 nt
278 1797 377 1866 Μέλης
390 1798 534 1867 Μέλητος,
547 1797 661 1866 Χρέμης
674 1796 832 1868 Χρέμητος,
846 1799 967 1867 Μόργης
978 1795 1144 1867 Μόργητος,
1159 1800 1278 1867 Πίγρης

126 1885 278 1952 Πίγρητος,
298 1879 407 1952 πλόνης
419 1880 577 1951 πλάνητος,
600 1880 669 1952 γόης
681 1878 783 1952 γόητος
798 1893 825 1935 et
839 1887 948 1937 similis.
963 1877 1102 1951 Ὀπλητες
1115 1890 1211 1936 manen
1224 1887 1277 1936 hn-

124 1971 223 2022 bentur
236 1972 263 2020 in
277 1971 371 2020 codiee
385 1969 503 2020 Pollucis
521 1986 566 2034 ep.
580 1971 668 2020 Kiilm.
687 1978 715 2021 et
733 1972 840 2021 Atticus
852 1971 945 2030 heros,
966 1972 1045 2020 cuius
1063 1968 1148 2019 filium
1161 1971 1279 2036 Aegeus

124 2070 235 2104 uxorem
254 2055 340 2117 duxit,
359 2055 433 2105 baud
452 2054 534 2104 dubie
546 2055 617 2104 idem
630 2054 677 2104 ille
690 2056 764 2104 lenis
776 2055 861 2111 filius,
875 2047 983 2120 Ὀπλῇς
996 2059 1073 2104 extat
1085 2070 1130 2119 ap.
1143 2055 1277 2119 Apollod.

32 2200 36 2207 ρ
124 2139 179 2201 Ill,
194 2142 238 2202 15,
252 2140 276 2188 6.
297 2146 325 2189 et
342 2141 435 2190 Teste.
456 2140 491 2188 nd
504 2139 641 2210 Lycopbr.
653 2140 711 2189 494.
733 2154 895 2204 quamquam
909 2140 954 2189 hic
967 2154 1073 2206 quoque
1086 2137 1174 2203 Aegei
1194 2155 1279 2190 socer

126 2238 232 2273 rursum
242 2215 353 2290 Ὅπλης
372 2231 415 2276 est
434 2241 474 2289 up.
490 2224 588 2273 Athen
604 2223 679 2274 XllI.
699 2240 726 2287 p,
739 2225 797 2272 556.
811 2225 843 2272 F.
863 2230 891 2274 et
910 2223 1001 2274 Selrol.
1014 2224 1110 2287 Eurip.
1124 2223 1200 2273 Med.
1215 2226 1277 2278 673.
1304 2239 1308 2243 ·

125 2308 156 2357 In
176 2309 295 2360 Scheliis
315 2311 350 2359 ad
363 2310 498 2360 Theodos.
517 2325 562 2373 ap,
577 2307 665 2357 Bekk.
678 2307 777 2360 hnecil.
791 2308 886 2357 'r.111.
899 2324 925 2373 p.
940 2309 1013 2359 1189.
1032 2307 1152 2357 habetur
1165 2301 1278 2375 Ὁπλής

121 2387 274 2460 Ὁπλῆτος,
294 2410 457 2461 quamquam
478 2409 559 2458 quum
577 2392 616 2441 ibi
634 2392 667 2442 de
686 2393 830 2457 berytenis
848 2396 949 2457 agatur
966 2388 1152 2456 (albanens.
1172 2409 1197 2457 p.
1211 2393 1276 2457 978)

126 2487 269 2545 exspectes
287 2467 683 2544 ρολίοο’οπλης”οπλητος.“
719 2476 749 2525 C.
769 2477 790 2526 l.
810 2478 842 2530 (t.
862 2476 967 2527 v01.11
985 2492 1012 2541 p.
1030 2473 1123 2540 satu]

195 2563 220 2630 1)
240 2566 272 2617 V.
293 2555 466 2630 Αἰγικόρεος
486 2556 686 2627 (Αἰγικόρεος).
724 2555 787 2628 [οὐκ
812 2556 870 2612 ἔστι
893 2559 985 2626 (λη’μος
1009 2558 1058 2625 τῆς
1073 2551 1211 2627 Ἀττικῆς,
1236 2550 1277 2622 τός

125 2664 214 2706 τινες,
234 2639 308 2698 ἄλλό
327 2640 403 2712 φυλὴ
423 2639 548 2710 selesei,
566 2644 621 2711 μία
638 2644 694 2696 τῶν
706 2638 852 2712 τεοοόρων
869 2644 924 2697 τῶν
937 2638 994 2696 ἀπὸ
1007 2635 1106 2704 Ἴωνος
1121 2641 1277 2714 [παίδων].

126 2727 262 2797 τέσσαρες
281 2721 310 2780 δ’
328 2724 357 2792 ἐξ
377 2722 468 2780 αὐτοῦ
487 2726 648 2796 Αἰγικορεῖς
664 2721 810 2795 Ἀργαόεῖς
831 2726 985 2790 Γελέοντος
993 2719 1135 2796 Ὅπλητες
1154 2728 1276 2797 (,‚vulgo

120 2809 269 2879 Ὁπλῖτοιι,
283 2815 330 2863 sed
343 2815 379 2864 ad
392 2802 681 2881 ΙοολίοοοοτὌπλητες
694 2832 775 2866 manu
787 2817 864 2867 ducit
876 2818 998 2867 varietas
1012 2816 1146 2878 lectionis,
1165 2819 1198 2864 ut
1210 2817 1276 2867 eod.

127 2903 204 2951 Vrst.
225 2917 269 2965 sp.
288 2900 410 2953 Psssow,
430 2898 522 2963 Symb.
542 2900 621 2949 erit.“
645 2901 675 2952 C.
694 2901 716 2950 1.
735 2902 767 2952 G.
787 2919 813 2967 p.
832 2901 914 2952 estu,
944 2890 1099 2966 ,ζὈπλητες
1117 2902 1150 2960 V,
1162 2887 1275 2968 Ὅπλη·

381 2994 390 3020 θ

127 3054 174 3087 ται
194 3040 248 3101 Pp,
263 2994 407 3100 Ὅπληταςι
425 3037 463 3100 R,
478 3027 619 3102 Ὀττλῆται
638 3037 701 3094 Ali,
726 3029 842 3088 ὁπλῖται
861 3035 913 3088 X“
932 3036 1090 3087 Meinehius
1108 3034 1144 3084 ad
1162 3035 1189 3084 h.
1208 3035 1275 3103 loc.)

127 3113 144 3184 ἡ
160 3115 237 3186 φυλὴ
252 3121 351 3171 τοίνυν
365 3116 538 3187 Αἰγικορεῖς,
552 3117 733 3188 ,,Αἰγικορεῖς
747 3128 820 3173 recte
834 3128 919 3187 negat
932 3121 1038 3172 demum
1049 3121 1159 3170 Atticae
1173 3120 1274 3184 luisse,

129 3211 324 3270 contraquam
345 3221 395 3272 ego
414 3207 478 3256 olim
496 3207 647 3271 putabam“
666 3207 696 3261 C.
716 3208 737 3259 1.
756 3209 787 3258 G.
801 3224 827 3273 p.
841 3210 889 3258 931
898 3207 922 3256 b.
943 3208 1047 3272 Nempe
1061 3205 1192 3271 putabam
1206 3205 1274 3256 olim

128 3290 298 3355 Stephanum
321 3306 425 3341 errasse
448 3295 477 3341 et
499 3291 674 3356 homonymia
696 3291 843 3357 deceptum
866 3307 983 3357 negasse
1002 3291 1087 3341 ullum
1106 3305 1167 3340 esse
1186 3290 1274 3341 tribui

64 3403 67 3407 Δ
129 3375 314 3441 cognominem
333 3375 439 3425 demum
457 3371 646 3442 Αἰγικορέοτν,
670 3393 752 3442 quum
774 3382 866 3426 tamen
885 3377 1015 3428 traditum
1033 3376 1085 3427 hoc
1101 3376 1272 3441 accepisset:

129 3461 261 3526 putabam
280 3461 351 3509 enim
375 3476 409 3509 ex
432 3463 506 3512 tribu
529 3462 755 3526 Aegicorensium
777 3476 838 3511 esse
861 3462 967 3511 demum
991 3469 1084 3512 natum
1104 3467 1131 3511 et
1148 3461 1213 3511 hine
1233 3477 1274 3510 er-

129 3562 204 3596 rasse
229 3545 406 3609 Stephanum.
448 3545 502 3596 Sed
525 3545 598 3596 hune
622 3562 674 3596 nou
702 3561 809 3595 errasse
828 3546 892 3597 inde
919 3551 1011 3612 patet,
1039 3547 1111 3612 qued
1139 3562 1273 3611 nusquam

128 3634 295 3680 memoratur
312 3629 379 3678 talis
396 3630 499 3684 demus.
518 3657 551 3665 -
570 3631 693 3696 Cogitari
711 3646 778 3680 sane
798 3632 897 3695 possit,
921 3637 952 3681 ut
974 3647 1058 3696 saepe
1077 3637 1188 3681 veteres
1206 3647 1272 3695 gen·

127 3722 171 3766 tes
195 3717 224 3764 in
249 3713 342 3764 demes
365 3716 550 3777 transierunt,
575 3716 616 3764 ita
639 3717 721 3766 etium
745 3713 849 3780 locum,
872 3732 926 3781 quo
944 3717 1167 3781 Aegieoreusium
1191 3721 1273 3766 vetus

129 3790 339 3865 instituisses,
367 3801 396 3849 in
420 3799 526 3849 demum
549 3801 703 3851 transiisse.
741 3802 780 3853 Ut
808 3817 896 3867 nuper
917 3807 1027 3867 reperta
1052 3807 1080 3852 et
1103 3803 1138 3852 ab
1161 3801 1273 3863 Bange-

128 3886 179 3936 beo
204 3900 264 3935 cum
288 3885 433 3935 Henzenio
457 3886 660 3936 communicata
687 3891 716 3935 et
745 3887 779 3937 ab
803 3887 855 3937 hoc
883 3886 958 3936 editu
982 3891 1025 3936 est
1053 3888 1081 3936 in
1104 3885 1273 3950 „Bulletino

129 3967 200 4018 dell'
224 3971 353 4019 instituto
377 3968 404 4019 di
431 3970 665 4036 eorrispondenzs
693 3969 913 4036 ercheologica“
942 3988 967 4021 a.
992 3973 1065 4022 1848.
1089 3989 1115 4037 p.
1139 3974 1170 4022 37
1194 3986 1273 4037 seqq.

129 4054 273 4120 inscriptio
285 4060 431 4121 prytanum
444 4055 615 4106 Antiochidis
633 4055 734 4119 tribus,
752 4058 782 4107 in
801 4072 855 4122 qua
867 4056 996 4123 leguntur
1007 4056 1026 4111 l.
1038 4059 1071 4107 tr
1089 4057 1273 4108 EPPAAEIC

129 4143 269 4203 tamquam
288 4138 367 4191 huius
385 4141 474 4191 tribus
493 4139 595 4195 demus.
615 4141 651 4191 cl.
670 4143 705 4194 ib.
721 4158 746 4208 p.
760 4144 800 4194 39,
826 4143 880 4193 Sed
893 4142 963 4193 haee
980 4142 1170 4207 inscriptioad
1189 4143 1273 4206 impe·

130 4228 249 4273 ratarum
269 4224 447 4276 Romanorum
467 4226 618 4291 posteriora
638 4231 761 4291 tempora
780 4231 822 4277 est
841 4226 1001 4278 reserenda:
1029 4229 1184 4292 antiquiore
1203 4233 1272 4276 tem-

130 4324 195 4375 pere
214 4311 312 4360 tribum
333 4312 358 4359 iu
379 4311 485 4361 demum
505 4313 650 4361 transiisse
663 4310 804 4378 hucusque
819 4318 893 4364 certe
911 4331 965 4364 non
978 4319 1022 4363 est
1034 4311 1271 4380 demonstratum]
