2866 4912
685 244 727 304 53

137 466 194 527 quc
223 446 351 507 habetur
380 445 568 523 genealogia,
598 467 633 507 ex
663 467 719 528 qua
743 448 858 509 Xntlrus
888 457 934 509 est
963 448 1041 509 lilius
1069 450 1165 521 decli,
1196 455 1281 512 cuius

136 557 325 636 genealogiae
348 577 395 617 me
418 556 543 618 oblitum
567 577 632 619 esse
649 558 780 637 liutorga
803 577 831 636 p.
849 556 890 620 95
913 558 1029 620 volebat
1052 569 1204 630 annotare,
1228 562 1280 623 sed

137 666 233 748 lepide
256 669 421 744 annotavit,
444 687 491 729 me
514 667 640 729 oblitum
664 686 728 729 esse
745 671 823 738 eins,
848 686 936 746 quiam
957 671 1044 730 unice
1064 679 1184 731 secutus
1205 691 1280 744 sum,

136 786 217 839 certe
246 786 278 839 nt
305 781 335 838 in
365 776 490 846 Gallica,
527 796 584 856 qua
613 787 696 849 utor,
732 778 925 840 translatione
959 778 1073 840 reddita
1102 783 1165 844 eins
1192 784 1280 845 verba

136 896 212 949 sunt.
244 887 333 959 Quasi
357 906 501 949 veronen
516 888 697 950 satisfactum
720 891 772 959 sit,
795 890 820 949 si
844 887 980 950 alterutri
996 889 1149 952 fabulosae
1171 911 1279 970 genea-

135 997 229 1078 logiae
259 1007 361 1059 exacte
390 1000 549 1059 convenire
577 1001 710 1060 rationes
736 1009 853 1060 nostras
881 997 1160 1061 demonstraverim:
1195 1007 1279 1082 quasi
1369 1006 1373 1014 '

135 1108 259 1169 multum
283 1116 427 1178 mutetur,
455 1111 481 1170 si
510 1111 644 1188 sequaris
673 1106 804 1170 alteram.
849 1110 969 1189 Accipio
998 1110 1076 1170 enim
1105 1111 1183 1188 quod
1206 1112 1280 1173 dixit

135 1218 257 1280 Codolr.
274 1219 461 1280 Burmannus
484 1217 511 1297 (1.
529 1238 553 1279 c.
570 1239 599 1299 p.
616 1219 730 1305 ΧΠ),
754 1220 784 1295 in
801 1216 905 1279 tabuiis
922 1218 994 1279 nibil
1010 1221 1164 1289 interesse,
1190 1239 1278 1299 quar·

136 1337 221 1390 tnsne
248 1331 313 1410 quis
341 1307 389 1390 an
409 1331 529 1407 quintus
557 1337 746 1391 numeretur:
776 1346 954 1409 quamquam
983 1331 1007 1389 si
1036 1332 1175 1409 aequales
1204 1333 1278 1394 riuos

134 1441 213 1500 viros
245 1458 309 1501 esse
337 1439 562 1502 monstrandum
592 1447 650 1507 est,
679 1440 778 1499 nescio
807 1456 843 1499 an
871 1440 902 1499 in
931 1438 1039 1501 fabulis
1069 1441 1133 1520 plns
1161 1444 1279 1504 intersit

134 1568 292 1612 numerare
315 1549 423 1628 gradus
446 1568 534 1627 quam
558 1553 588 1610 in
612 1549 768 1610 bist01·ia.⁴‘
791 1548 821 1610 C.
840 1548 860 1608 l.
879 1549 912 1610 G.
929 1569 955 1609 c.
979 1569 1006 1628 p.
1024 1547 1118 1612 932³.
1142 1550 1187 1632 b.]
1221 1553 1277 1614 lta·

134 1679 190 1737 ‹yue
212 1663 243 1720 in
260 1661 466 1721 vetustissimis
489 1657 672 1721 carminibus
687 1657 876 1729 Teleontcm,
900 1659 959 1719 non
977 1659 1151 1721 Geleontem
1175 1664 1276 1723 inven-

133 1781 193 1831 tum
223 1790 287 1830 csse
315 1778 443 1831 constat:
474 1771 504 1830 in
532 1769 639 1850 quibus
668 1771 693 1830 si
720 1769 895 1831 fluctuasset
920 1768 1024 1839 lectio,
1054 1775 1128 1842 non,
1159 1774 1275 1851 opinor,

132 1881 344 1942 dissimulatrici
360 1882 415 1942 boc
427 1881 553 1942 luissent
567 1879 732 1941 fabularum
745 1878 1147 1958 scriptoresdiligentissimi.
1166 1880 1275 1960 [„Narn

133 1992 293 2068 quominus
315 1993 401 2051 etiam
433 2010 468 2050 ex
491 1992 758 2068 Argonauticnrum
786 1988 984 2068 scriptoribus
1007 1988 1180 2051 'leleontcm
1204 2011 1275 2052 eru-

134 2103 194 2162 lare
222 2100 378 2162 iubeamus
406 2099 614 2162 substituendo
643 2099 799 2173 Geleonte,
829 2109 858 2160 ct
885 2099 1030 2160 librorum
1060 2120 1224 2163 consensus
1247 2111 1277 2162 et

134 2209 227 2270 latini
256 2219 392 2271 auctores
420 2210 597 2290 impediunt,
627 2210 656 2268 in
689 2226 816 2286 querum
846 2208 976 2270 librisC
1007 2228 1063 2269 rien
1093 2214 1189 2289 potnit
1217 2220 1275 2271 tam

134 2319 221 2380 lacile
243 2323 273 2379 in
295 2320 319 2378 T
343 2319 498 2398 depravari
521 2336 609 2396 qnam
634 2322 665 2378 in
688 2318 840 2379 Graecis.“
864 2320 895 2379 C.
911 2318 932 2378 1.
958 2321 992 2381 G.
1017 2318 1035 2378 l.
1058 2338 1084 2378 c.
1108 2339 1137 2399 p.
1160 2318 1274 2401 euin]

163 2425 168 2440 '
217 2429 275 2489 Sed
299 2427 447 2506 quodnam
469 2430 544 2489 vitae
572 2446 666 2505 genus
694 2426 837 2488 tributum
861 2426 1054 2488 Teleontibus
1076 2430 1140 2488 est?
1177 2431 1276 2491 Possis

62 2577 66 2584 -
133 2539 311 2601 Sacerdotes
334 2539 540 2617 interpretari,
570 2537 608 2599 ob
631 2531 707 2617 τέλη
730 2538 791 2597 sive
812 2531 952 2609 τελετάς.
984 2536 1154 2617 [Strabonis
1176 2549 1274 2600 tamen

135 2650 198 2709 lece
223 2668 260 2708 ne
283 2647 406 2709 multum
435 2667 490 2727 pro
519 2647 575 2708 liae
602 2647 749 2708 sententia
775 2647 918 2707 momenti
941 2645 1069 2718 tribuas,
1100 2647 1273 2721 absentee,

131 2779 205 2840 quae
238 2778 327 2839 supra
356 2758 391 2818 ad
419 2778 448 2837 p.
472 2754 493 2817 4
519 2783 562 2810 =
590 2755 630 2819 47
660 2756 727 2818 adn.
757 2755 778 2816 2
806 2756 843 2817 de
871 2756 929 2818 hoc
956 2756 1022 2818 loco
1056 2757 1153 2819 addita
1182 2755 1272 2840 suut]

130 2869 203 2930 illud
233 2870 364 2947 gravius,
395 2867 473 2946 qnod
500 2867 672 2947 Euripides,
701 2869 751 2947 qui
780 2865 861 2928 solus
889 2867 969 2928 lonis
996 2866 1072 2928 lilios
1101 2887 1137 2929 eo
1169 2869 1274 2929 ordine

130 2978 270 3060 appellat,
301 2997 360 3057 quo
389 2977 562 3039 terebantur
590 2980 664 3047 nati,
693 2976 865 3038 Teleontcm
894 2979 1022 3057 primum
1050 2980 1134 3049 lacit,
1166 2979 1273 3040 deinde

129 3091 218 3150 inlurt
240 3088 389 3169 llepletes,
413 3087 599 3166 Argadenses
622 3097 651 3148 ct
673 3090 894 3166 Aegicorenses.
926 3085 1022 3157 Ouum
1046 3090 1125 3149 enim
1148 3108 1273 3150 necesse

129 3203 167 3261 sit
190 3199 297 3260 milites
320 3200 453 3277 potiores
476 3198 592 3259 habitos
615 3217 679 3258 esse
701 3197 872 3277 opificibus,
896 3201 1016 3277 opifices
1038 3199 1223 3279 pastoribus:
1248 3202 1273 3261 si

130 3308 288 3371 Teleontes
316 3306 460 3370 militibus
488 3310 559 3388 ipsis
586 3307 726 3386 dignitate
755 3307 958 3386 praestabant,
988 3327 1047 3370 non
1076 3310 1125 3371 alii
1148 3319 1273 3389 possunt

130 3440 195 3481 esse
219 3438 307 3498 quam
330 3419 457 3480 ministri
479 3437 579 3479 rerum
602 3414 782 3499 sacrarum}
797 3421 848 3495 qni
871 3418 947 3497 apud
963 3419 1129 3481 Orientales
1152 3437 1271 3498 quoque

128 3530 253 3613 populos
275 3531 401 3609 primam
422 3530 607 3593 ,constituunt
629 3527 763 3589 classem.
798 3528 919 3590 Accedit
940 3536 1095 3609 praeterea
1118 3528 1271 3597 llerodoti,

128 3640 270 3710 Pollucis,
300 3650 330 3700 et
353 3639 508 3700 Marmoris
530 3640 664 3719 Cyziceni
687 3640 860 3709 auctoritas,
890 3642 920 3700 iu
947 3641 1055 3700 ceteris
1077 3638 1196 3719 quidem
1219 3657 1272 3716 po·

128 3750 204 3831 pulis
228 3750 362 3811 ordinem
385 3750 603 3811 instituentium
627 3750 755 3828 varium,
786 3748 839 3810 sed
861 3748 1019 3810 Teleontes
1042 3768 1101 3810 uno
1124 3765 1271 3809 consensu

128 3863 224 3940 primo
247 3859 312 3921 loco
335 3861 516 3940 ponentium.
563 3857 680 3940 [‚,Haud
704 3859 792 3921 dubie
819 3859 849 3919 tn
871 3860 1032 3940 scriptores
1056 3859 1174 3918 nomina
1199 3857 1272 3919 baec

129 3972 253 4032 maxima
282 3990 318 4031 ex
345 3979 429 4051 parte
458 3968 539 4031 nullo
567 3977 650 4031 certo
678 3969 783 4030 ordine
809 3968 861 4029 sed
884 3970 1053 4048 promiscue
1076 3966 1270 4037 rettulerunt;

128 4081 226 4160 Cyzici
249 4089 345 4141 tamen
375 4083 424 4160 qui
451 4080 601 4160 reperitur
629 4078 717 4149 ordo,
745 4079 770 4138 is
798 4076 913 4137 videtur
936 4079 1024 4137 etiam
1047 4076 1170 4138 Athenis
1193 4076 1268 4138 obti-

128 4192 258 4259 nuisse,‘⁴
283 4236 365 4250 ....
390 4189 551 4270 „Hopletes
573 4206 643 4250 vero
666 4195 698 4248 ut
713 4188 808 4266 Cyzici
831 4188 869 4247 ita
892 4186 970 4266 apud
986 4186 1180 4257 Herodotum,
1204 4187 1269 4249 Ste-

127 4302 274 4381 phanum,
304 4298 480 4362 Strabonem
509 4298 605 4360 nltimi
627 4306 726 4358 sunt‘·
755 4297 786 4358 C.
803 4298 823 4358 l.
841 4299 875 4359 G.
899 4298 916 4359 l.
942 4318 966 4359 c.
991 4317 1020 4378 p.
1037 4296 1097 4360 931
1110 4296 1154 4380 b.]
1200 4299 1269 4368 Sed,

123 4413 205 4493 ¹quod
228 4412 405 4473 Teleonturn
433 4407 562 4491 populus
590 4409 703 4488 primus
729 4409 833 4478 luerit,
863 4409 931 4470 inde
959 4426 1018 4471 uon
1048 4408 1195 4488 colligitur
1219 4425 1270 4468 eos
