2866 4912
707 244 801 341 ut„

157 454 247 514 derus
269 451 476 521 arbitrabatur,
502 451 553 512 sed
570 444 794 532 ὑψιχλότερονε
820 450 950 530 [*niirili
967 453 1045 511 enim
1061 458 1107 509 est
1124 469 1176 511 rox
1192 444 1304 527 ὕψιος,

158 561 249 642 sed*]
273 581 289 623 a
320 564 438 623 nomine
466 554 554 637 ὕψος
575 562 721 623 formatur
749 554 877 638 ὑψίων,
906 554 1090 640 ὕψιστοςῐ),
1120 570 1152 621 ut
1179 554 1304 641 αἶσχος,

158 670 315 753 αἰσχίων,
339 674 526 752 αίσχιστοςι
553 669 669 750 ἔχθος,
694 666 837 751 ἐχθίων,
861 669 1028 750 ἕχθιστοςε
1058 665 1197 749 κάλλος,
1222 673 1302 732 καλ-

98 807 101 815 ·
158 782 256 858 λίων,
286 778 471 855 κάλλιστος,
522 783 572 842 Sic
602 782 730 860 genitivo
759 780 859 842 nulius
887 782 946 842 iam
974 779 1056 841 iocus
1085 789 1142 850 est,
1176 781 1304 860 ideoque

158 893 286 954 Pindaro
309 891 413 954 saitem
438 894 542 953 tertius
565 910 651 953 casus
666 889 882 952 restituendus:
907 890 1033 951 eundem
1057 907 1127 950 vero
1150 890 1304 953 aPiatone

158 1004 300 1083 scriptum
324 1022 389 1064 esse
418 1003 506 1064 tidem
535 1001 647 1064 iaciunt
668 1001 737 1062 libri
758 1002 872 1080 optimi.
917 1001 1031 1061 Mature
1060 1003 1210 1061 tamenin
1235 1002 1303 1062 Pin·

159 1112 221 1174 dari
245 1113 397 1175 codicibus
420 1123 517 1174 natam
541 1114 711 1175 varietatem
735 1130 814 1182 csse,
841 1109 963 1189 colligas
985 1108 1069 1181 inda,
1097 1110 1175 1190 quod
1199 1113 1302 1173 Cicero

159 1223 336 1293 secuudum,
365 1222 512 1284 Eusebius
535 1221 644 1300 aiiique
667 1223 787 1282 tertium
811 1220 921 1282 babent
943 1238 1058 1281 casum:
1083 1240 1157 1300 quos
1180 1241 1214 1281 ex
1238 1224 1303 1301 ipso

159 1332 299 1402 Pindaro,
323 1351 382 1392 non
399 1351 434 1392 ex
450 1331 572 1393 Platone
588 1332 720 1392 hausisse
736 1333 878 1411 inspectis
893 1349 997 1391 eorum
1015 1330 1111 1390 verbis
1127 1329 1299 1409 invenies'2).

160 1441 234 1521 [³111
258 1462 293 1502 co
317 1461 386 1502 vero
409 1441 558 1520 ambigas,
588 1443 665 1503 sitne
692 1431 889 1521 ἀνθρώπων
911 1459 980 1502 cum
1003 1441 1143 1511 Maximo,
1173 1459 1210 1502 au
1234 1461 1301 1503 cum

158 1551 286 1613 Eusebio
308 1546 463 1634 ἀνδρῶν,
487 1562 515 1614 et
531 1546 754 1632 ἐπιχθονίων,
777 1560 810 1611 ut
832 1559 878 1612 est
892 1551 968 1630 apud
985 1550 1080 1618 bunc,
1104 1568 1141 1610 an
1159 1548 1303 1631 ἐπιχθό-

157 1682 249 1741 νιον,
282 1670 313 1722 ut
342 1663 418 1742 apud
453 1661 626 1733 Maximum,
661 1661 866 1724 scribendum:
900 1660 950 1722 sed
985 1678 1040 1740 ego
1072 1661 1130 1721 iam
1163 1664 1301 1741 praeiero

157 1773 340 1833 reconditius
367 1766 507 1853 ἀνδρῶν
535 1783 564 1834 et
587 1767 801 1852 ἐπιχθόνιον,
831 1771 909 1850 quod
939 1773 1003 1832 usui
1026 1773 1173 1833 sermonis
1196 1791 1301 1834 conre-

158 1883 287 1943 nientius
310 1879 418 1963 cst.*³)
436 1929 444 1944 .
460 1929 467 1942 .
485 1928 517 1944 ..
541 1883 607 1943 *De
629 1883 760 1944 dictione
782 1889 889 1962 τεῖχος
911 1874 1111 1961 ἀναβαίνειν
1137 1882 1176 1943 ci.
1199 1882 1300 1944 lstbm.

158 1993 204 2062 iV,
226 1990 277 2053 50.
301 1993 389 2054 etde
411 1995 555 2054 sententia
578 1993 735 2070 fragmenti
756 2009 833 2069 quae
855 1991 896 2052 ibi
918 1993 1069 2054 Dissenius
1092 2010 1175 2053 meus
1196 1993 1302 2054 attulit.

158 2103 283 2163 Metram
313 2104 408 2165 ultimi
436 2122 539 2165 versus
568 2113 613 2165 est
642 2121 658 2163 a
688 2121 735 2163 me
757 2103 841 2163 Metr.
866 2102 949 2163 Pind.
973 2123 1001 2183 p.
1029 2100 1089 2163 139
1115 2102 1242 2165 relatum
1265 2123 1300 2164 ex

157 2212 259 2274 istbm.
275 2213 320 2274 Vi.
343 2212 424 2293 {Cum
440 2215 534 2293 priori
552 2215 631 2275 euim
647 2213 704 2273 boc
719 2213 805 2273 colon
821 2215 945 2292 iungere
960 2231 1039 2275 nunc
1061 2212 1137 2283 noio,
1161 2199 1301 2292 quoniam

158 2325 200 2384 sic
226 2327 257 2384 in
283 2325 375 2385 aitcra
405 2333 490 2404 parte
516 2331 689 2385 nasceretur
718 2323 765 2384 bic
798 2342 940 2385 uumerus
959 2347 1299 2396 emme-effi,

158 2436 241 2494 cuius
265 2433 376 2495 nullum
399 2436 430 2495 in
452 2435 618 2496 Pindaricis
641 2433 808 2514 exemplum
831 2453 898 2495 csse
920 2433 981 2494 dixi
1005 2432 1074 2494 ibid.
1098 2452 1128 2512 p.
1147 2431 1252 2512 lats]

241 2546 321 2606 liaoc
347 2546 437 2625 igitur
464 2547 533 2611 vitia
561 2547 679 2624 inipso
702 2545 826 2606 introitu
859 2544 1068 2624 disputationis
1091 2546 1228 2622 egregiae
1251 2545 1301 2603 de-

157 2655 385 2734 prehendimus,
409 2673 495 2733 quam
519 2665 551 2716 ut
565 2656 586 2716 ii
601 2663 747 2726 vestrum,
772 2657 821 2732 qui
838 2654 945 2716 litteris
960 2656 1080 2717 Graecis
1095 2654 1200 2715 imbuti
1222 2663 1300 2723 sunt,

157 2767 357 2844 pervestigent
371 2765 516 2834 studiose,
541 2784 575 2825 eo
599 2773 734 2845 optamus
750 2765 967 2836 vehementius,
991 2765 1070 2844 quod
1088 2765 1170 2826 robis
1192 2766 1221 2826 in
1246 2765 1301 2825 bac

156 2875 343 2953 potissimum
367 2881 461 2934 aetate
484 2876 587 2954 positis
609 2875 859 2938 considerandum
888 2877 975 2937 etiam
998 2885 1086 2956 atque
1109 2877 1196 2936 etiam
1219 2875 1300 2935 vide-

117 3003 133 3050 r,
156 2993 219 3053 tur,
248 2976 393 3063 πότερον
416 2980 492 3065 δίκᾳ
514 2991 621 3063 τεῖχος
642 2979 745 3061 ὕψιον
765 2981 789 3066 ἢ
811 2985 962 3058 σκολιαῖς
984 2979 1126 3059 ἀπάταις
1148 2980 1300 3066 ἀναβαίν-

156 3113 210 3166 τες
232 3090 386 3175 acaptare
415 3085 466 3154 ἄν.
512 3094 606 3166 Quam
635 3116 699 3157 rom
728 3095 937 3157 deliberaturis
965 3113 1002 3156 ne
1031 3095 1151 3157 scbolae
1180 3096 1299 3174 quidem

158 3212 276 3265 nostrae
299 3205 437 3264 deerunt:
461 3205 534 3266 nibil
557 3208 634 3267 enim
658 3207 842 3285 sapientibus
857 3205 977 3267 arbitris
999 3205 1035 3265 ad
1052 3208 1189 3267 virtutem
1206 3209 1300 3284 magis

156 3315 286 3385 confert,
316 3334 403 3395 quam
432 3315 568 3377 scientia:
598 3334 653 3377 uec
681 3318 730 3395 qui
759 3336 827 3378 rere
856 3317 990 3378 eruditus
1023 3315 1128 3377 litteris
1161 3319 1214 3386 sit,
1249 3327 1300 3377 aut

156 3444 263 3504 pravus
286 3433 382 3505 potest
404 3434 454 3486 aut
476 3425 622 3504 malignus
650 3446 729 3488 esse:
759 3428 945 3505 idcircoque,
974 3446 1032 3507 quo
1062 3447 1114 3488 vos
1142 3427 1300 3506 probiores

156 3538 252 3606 eritis,
278 3556 313 3596 eo
337 3538 446 3596 rectius
469 3545 498 3596 et
513 3536 648 3596 docuisse
664 3556 718 3597 nos
741 3545 770 3597 et
792 3557 843 3598 ros
859 3537 999 3600 didicisse
1012 3537 1186 3598 iudicabunt
1200 3540 1297 3617 periti.

241 3646 336 3708 Scrib.
361 3644 489 3706 berolini
512 3645 539 3705 d.
563 3645 623 3708 vti.
647 3665 686 3708 m.
708 3649 832 3726 Augusti
854 3667 880 3709 a.
904 3646 1089 3709 nuccuxu.

156 3861 196 3910 sic
215 3861 310 3911 vertit:
330 3859 441 3923 „Utrum
458 3861 555 3909 iustitio
572 3860 744 3909 nranimentam
761 3861 837 3909 attius
854 3876 888 3909 on
905 3860 1013 3925 obliquis
1031 3861 1096 3910 dotia
1112 3861 1234 3910 escendat
1247 3867 1299 3909 ter·

154 3962 241 3994 reniam
258 3946 379 3995 bominum
396 3960 488 4008 genus,
506 3947 539 3995 de
557 3962 589 3995 eo
605 3945 665 3994 mibi
680 3961 710 3994 re
727 3961 812 3995 verum
829 3945 929 3994 dicturo
946 3960 1072 4009 suspensa
1089 3960 1158 3995 arens
1175 3945 1239 3994 est.“

224 4029 249 4092 1)
270 4026 373 4094 [Etym.
391 4031 428 4080 M.
447 4045 474 4094 p.
494 4030 558 4094 786,
579 4032 622 4081 13:
642 4025 720 4093 παρὰ
738 4019 771 4081 τὸ
789 4018 865 4093 ὕψος
883 4020 981 4093 ναίων
999 4020 1120 4094 ὕψιστος
1138 4026 1272 4094 γίνεται]

223 4112 250 4176 2)
271 4111 343 4177 [Hoc
362 4113 422 4165 ioco
441 4114 522 4165 finem
541 4115 610 4165 fecit
628 4115 725 4164 Beckii
742 4111 903 4179 exemplam]

223 4197 250 4263 3)
271 4195 356 4263 [Olim
375 4204 471 4250 auctor
488 4200 601 4265 legebat
620 4189 782 4266 ἀνθρώπων
800 4206 829 4250 et
846 4190 1043 4265 ἐπιχθονίων]

609 4421 844 4430 ———
