2866 4912
214 458 312 520 Altera
336 466 466 519 veterum
491 459 633 519 adversus
656 457 807 519 Platonem
831 457 978 519 calumnia
1007 457 1080 519 haec
1110 465 1166 527 est,
1196 457 1275 537 quod

128 571 159 629 in
189 567 361 638 Phaedone,
392 585 483 646 quum
511 577 628 630 eeteros
655 587 759 629 omnes
789 571 922 630 nominet
955 567 1069 629 nobiles
1098 568 1273 638 Socraticos,
1289 577 1322 625 21

128 681 180 758 qui
202 679 239 739 ad
262 680 414 740 Socratem
438 681 586 740 venissent
608 681 638 740 in
662 698 828 750 carcerem,
858 699 895 741 ne
918 678 1009 740 verbo
1031 679 1148 756 quidem
1173 680 1275 739 memi-

129 791 209 849 nerit
231 788 444 869 Xenophontis.
491 790 616 870 Egregie
639 792 722 851 rero!
767 792 882 871 Quippe
906 789 983 850 idem
1006 789 1187 858 Athenaeus,
1215 791 1276 850 sive

129 900 265 979 quisquis
287 908 332 960 est
352 902 407 961 iste
429 902 625 982 sycophanta,
649 904 699 978 qui
722 901 775 962 has
796 903 947 962 contexuit
968 902 1108 980 argutias,
1132 902 1157 960 si
1178 900 1276 961 Xeno·

129 1011 250 1089 phontis
277 1014 308 1072 in
337 1010 495 1072 Phaedone
528 1013 636 1074 iniecta
670 1014 781 1074 mentio
815 1020 907 1082 esset,
943 1013 1030 1072 deum
1064 1011 1275 1089 hominumque

128 1122 217 1183 iidem
241 1129 378 1190 testatus,
402 1123 471 1201 quid
495 1123 552 1183 hoc
574 1131 654 1184 esset
676 1125 816 1194 monstri,
839 1125 1045 1204 quaesivisset,
1075 1122 1153 1202 quod
1176 1121 1274 1183 Xeno-

129 1232 226 1313 phon,
250 1234 300 1312 qui
324 1252 360 1295 eo
382 1240 515 1313 tempore
537 1235 568 1295 in
591 1236 656 1297 Asia
681 1234 834 1305 militaret,
863 1234 985 1296 Athenis
1007 1240 1175 1294 versaretur
1197 1231 1274 1311 apud

130 1344 282 1405 Socratem
293 1341 329 1423 ¹):
359 1345 468 1424 quippe
495 1346 526 1405 in
553 1345 609 1406 hoc
639 1363 756 1425 quoque
778 1344 909 1406 Platonis
931 1344 1165 1424 reprehensores
1193 1345 1275 1402 ineu·

130 1454 223 1515 buere
246 1464 274 1515 et
296 1456 441 1516 acerrime
464 1463 493 1516 et
507 1457 706 1535 ineptissime,
731 1455 809 1534 quod
833 1463 876 1516 tot
897 1458 927 1515 in
950 1457 1013 1515 eius
1033 1453 1115 1515 libris
1130 1472 1180 1514 res
1202 1454 1275 1514 eitra

130 1584 230 1626 reram
252 1574 421 1644 temporum
444 1567 589 1626 rationem
612 1566 707 1628 dietae
730 1567 804 1636 sint;
833 1567 885 1645 qui
912 1567 937 1625 si
961 1564 1154 1626 haecomnia
1177 1563 1276 1643 paullo

130 1677 377 1755 pervestigassent
392 1677 573 1751 accuratius,
599 1695 658 1736 non
673 1677 762 1737 modo
785 1693 844 1737 non
864 1675 1083 1755 imprudentem
1098 1674 1155 1735 hoc
1170 1675 1275 1735 iecisse

129 1788 276 1847 inventuri
299 1786 440 1857 inissent,
464 1788 516 1848 sed
532 1785 683 1848 nonnullis
705 1785 779 1849 locis
801 1786 840 1847 ob
855 1785 1005 1866 singulare
1020 1786 1191 1866 scriptionis
1206 1803 1276 1864 pro-

130 1899 258 1977 positum
290 1895 334 1957 rel
362 1898 398 1959 de
427 1898 570 1959 industria
594 1900 788 1967 commisisse,
817 1906 850 1958 ut
872 1906 1040 1976 temporum
1066 1914 1104 1956 ne
1127 1903 1275 1957 constaret

130 2010 325 2087 computatio:
355 2010 438 2070 euius
466 2011 509 2070 rei
538 2009 707 2088 exemplum
733 2006 999 2070 luculentissimum
1028 2005 1152 2096 praebet
1174 2007 1274 2068 liene·

130 2095 239 2189 nehus,
269 2118 326 2178 alio
349 2116 415 2180 loco
438 2119 504 2182 data
528 2138 619 2199 opera
642 2119 727 2180 nobis
749 2115 1032 2198 pertractandumh.
1078 2116 1161 2187 „Sed
1185 2118 1273 2185 enirn,

131 2231 245 2290 etiamsi
274 2229 379 2309 procul
408 2229 530 2290 Athenis
561 2238 624 2290 erat
652 2229 832 2308 Xenophon,
868 2236 982 2297 tamen,
1015 2235 1049 2287 ut
1080 2228 1273 2306 Aristippum,

131 2357 219 2415 quem
242 2341 410 2417 vituperare
433 2338 562 2408 volebat,
586 2340 698 2399 notarit
719 2348 780 2399 tum
802 2339 930 2416 Aeginae
953 2337 1125 2415 degentem,
1148 2335 1276 2397 debebat

132 2447 224 2528 Grylli
246 2447 336 2508 lilium
353 2465 517 2508 memorare
533 2457 562 2508 et
577 2465 632 2507 cur
647 2449 792 2508 morituro
807 2448 922 2508 Socrati
938 2465 997 2507 non
1015 2447 1159 2514 affuisset,
1183 2444 1275 2505 lectu·

132 2560 173 2619 ris
199 2559 355 2638 aperire.“
398 2555 472 2627 Quis
499 2573 568 2618 vero
597 2558 661 2618 eius
689 2565 811 2619 excuset
838 2557 1017 2627 absentiam,
1051 2575 1139 2636 quern
1173 2574 1276 2616 omnes

130 2676 239 2730 norant
259 2686 337 2729 anno
359 2676 427 2729 ante
455 2670 485 2729 in
507 2668 605 2730 Asiam
629 2687 695 2730 esse
716 2669 897 2748 proiectum,
928 2686 984 2730 nee
1006 2667 1130 2728 rediisse
1151 2666 1275 2746 posthac

129 2775 306 2856 Athanasii)
350 2779 403 2840 Sin
436 2786 536 2840 autem
569 2797 676 2841 causae
710 2779 897 2858 quaerendae
928 2787 1012 2848 sunt,
1047 2796 1139 2857 quare
1172 2779 1202 2838 iu
1230 2785 1276 2837 tot

130 2890 260 2951 Platonis
282 2887 364 2949 libris
392 2907 428 2949 ne
456 2887 548 2951 semel
577 2891 696 2970 quidem
719 2889 953 2971 condiscipulum
977 2887 1120 2969 appellet,
1150 2886 1274 2948 habebis

129 3019 223 3062 annos
246 3000 351 3064 aetatis
371 2999 556 3078 inaequales,
580 3000 786 3080 Xenophontis
807 3001 942 3062 militiam
966 3007 995 3061 et
1017 2999 1167 3069 exsilium,
1195 2997 1274 3076 quod

130 3110 274 3173 Scillunte
296 3109 373 3171 haud
395 3109 499 3190 procul
521 3110 559 3171 ab
582 3111 664 3172 Elide
687 3113 750 3173 ruri
773 3113 847 3191 egit,
876 3130 965 3192 quum
989 3109 1071 3171 Plato
1093 3110 1215 3171 Athenis
1242 3109 1273 3169 in

130 3282 359 3299 .-Μ

129 3403 178 3453 nbi
197 3400 329 3467 deinceps
347 3407 404 3451 tum
421 3399 508 3450 ceteri
525 3416 542 3449 a
554 3398 738 3466 Xenophonte
751 3399 831 3451 allati
849 3406 906 3451 tum
924 3399 974 3450 alii
989 3406 1046 3451 tres
1058 3398 1194 3449 adduntur
1212 3413 1274 3450 ver·

129 3504 185 3538 eus.
221 3487 261 3537 Ae
278 3502 307 3552 p.
324 3487 374 3537 538
391 3486 413 3536 Β
433 3485 586 3536 afferuntur
604 3485 688 3535 verba
707 3484 789 3535 haee:

282 3587 351 3655 οϊνῳ
369 3585 537 3654 Πραμνείῳ,
557 3578 604 3637 ἐπὶ
623 3575 653 3636 δ’
673 3583 785 3652 αἴγειον
803 3585 857 3654 κνῆ
876 3581 962 3650 τυρόν

282 3664 382 3739 κνήστι
399 3670 532 3738 χαλκείῃ,
551 3661 630 3736 παρὰ
649 3664 681 3722 db
699 3662 824 3737 κρόμυον
840 3668 918 3738 ποτῷ
935 3660 1019 3733 ὄψον.

128 3775 253 3828 Alterum
270 3775 366 3826 horum
383 3774 549 3840 scriptorum
568 3772 722 3838 proiecisse
741 3789 773 3823 ex
792 3772 881 3823 altero
899 3773 945 3822 rix
964 3773 1074 3838 quidem
1092 3787 1189 3838 neges:
1209 3771 1275 3821 mihi

130 3876 210 3925 vero,
235 3861 259 3909 ai
280 3854 437 3910 nniversam
459 3858 628 3924 singulorum
650 3856 769 3909 locorum
792 3857 1036 3907 conformationem
1054 3857 1212 3918 considero,
1240 3872 1273 3906 ex

129 3944 319 4008 Xenophontis
338 3959 371 3994 ea
388 3943 459 3994 libro
476 3944 506 3993 in
523 3943 619 3994 Ionem
637 3942 775 3993 translata
792 3956 867 4005 esse,
885 3941 998 3992 videtur
1015 3940 1194 4005 probabilius.

199 4025 225 4094 1)
244 4026 289 4078 Cf.
308 4026 393 4078 Wolf.
411 4027 429 4077 l.
447 4044 470 4078 e.
488 4044 516 4094 p.
533 4027 606 4080 LIX.

197 4112 225 4178 Ξ)
246 4107 304 4179 [Oi.
325 4111 390 4162 dies.
407 4111 441 4162 de
459 4113 511 4163 Rei
529 4114 655 4178 publicae
674 4110 842 4176 temporibus
859 4109 887 4173 1,
910 4110 1034 4162 Prooem.
1058 4107 1118 4158 ind.
1136 4108 1199 4161 leot.
1218 4110 1273 4164 hib.

129 4216 155 4250 a.
174 4196 456 4251 uucccxxxvln.
474 4213 500 4263 p.
521 4196 574 4264 11.]

197 4282 226 4348 3)
243 4283 321 4335 Haec
340 4284 398 4335 l'era
417 4284 502 4335 etiam
519 4279 674 4333 Heindorfii
692 4286 736 4332 est
754 4280 895 4332 sententia
913 4279 949 4330 ad
967 4280 1106 4332 Phaedon.
1126 4298 1152 4349 p.
1174 4282 1213 4330 12.
1243 4281 1275 4329 In

128 4369 266 4436 Apologia
284 4383 334 4419 our
350 4368 504 4434 Xenophon
526 4367 683 4417 nominatur
705 4382 853 4431 nusquam,
876 4367 1016 4432 explicare
1038 4365 1148 4418 studuit
1169 4365 1275 4416 Tenna-

129 4469 247 4506 mannus
265 4453 283 4509 l.
304 4470 328 4507 o.
348 4470 373 4520 p.
392 4455 425 4504 25
444 4467 609 4518 quamquam
627 4466 681 4502 non
699 4466 767 4516 opus
785 4455 846 4502 eret
863 4451 917 4503 hae
936 4451 1131 4517 explicatione.

1038 4551 1072 4606 2·
