2866 4912
680 247 715 306 41

134 471 169 512 cx
192 470 265 531 quo,
289 450 359 512 dum
390 468 515 528 maguus
537 450 698 532 discipulus
721 452 822 512 orbem
849 460 997 514 terrarum
1027 452 1195 532 subigebat,
1225 453 1272 513 ille

131 562 284 640 Stagirites
311 563 481 622 universum
510 561 713 624 doctrinarum
743 571 961 642 expugnaverat
990 563 1109 632 orbem;
1139 563 1271 632 alteram,
1295 585 1311 633 5

131 659 209 749 quod
232 672 454 732 defervescente
476 670 628 751 paullatim
656 672 823 733 incredibili
852 673 902 733 illo
931 693 1032 735 amore
1059 676 1186 753 patriae,
1216 692 1274 753 quo
1335 742 1339 748 ¹

133 789 248 843 veteres
270 782 307 842 ad
329 783 579 861 praestantissima
603 801 737 860 quaeque
760 782 932 844 terebantur
962 784 1106 853 lacinora,
1136 791 1202 845 nata
1231 794 1276 844 est

130 892 259 969 gloriosa
284 895 337 952 ista
360 892 515 954 doctorum
538 894 652 973 opinio,
677 912 736 954 non
758 896 871 974 patriae
893 896 983 964 cives,
1007 895 1058 956 sed
1081 894 1197 964 mundi,
1220 913 1274 955 κο-

130 1000 333 1082 σμοπολίτας
354 1021 418 1063 sese
434 1004 676 1083 praedicantium.
708 1005 788 1065 llaec
804 1008 967 1082 excogitata
989 1025 1005 1066 a
1028 1002 1160 1074 Socrate,
1184 1005 1273 1065 divini

130 1115 251 1192 spiritus
274 1115 422 1192 sapiente,
446 1113 519 1173 haec
535 1113 684 1175 celebrata
708 1113 746 1174 ab
762 1115 912 1195 Euripide,
936 1114 1009 1176 haec
1027 1124 1130 1177 oruata
1154 1123 1183 1176 et
1205 1133 1273 1192 pro·
1301 1166 1315 1188 ,

130 1232 235 1302 pagata
265 1243 281 1283 a
310 1223 416 1284 Stoicis
442 1224 642 1304 philosophis,
671 1223 724 1285 abs
753 1227 833 1288 tenui
859 1242 1017 1304 progressa
1047 1226 1130 1286 initio
1159 1226 1274 1285 animos

130 1334 235 1394 invasit
258 1335 400 1395 omnium.
432 1334 550 1403 „Vosne
573 1334 671 1412 igitur,
696 1336 798 1412 inquit,
823 1343 881 1395 tarn
898 1335 1022 1406 nobiles,
1046 1343 1105 1396 tam
1128 1337 1274 1415 ingenuos

131 1443 277 1505 damnetis
299 1463 417 1514 sensus,
445 1463 519 1524 quos
541 1445 723 1505 summiviri
747 1445 825 1524 iique
854 1447 931 1506 cives
957 1447 1075 1526 optimi,
1107 1464 1181 1524 quos
1203 1445 1273 1506 Tul·

130 1555 202 1625 lins,
226 1573 300 1634 quos
316 1555 444 1622 Seneca,
461 1570 536 1633 qnos
552 1555 780 1616 humanissiums
795 1554 845 1616 ille
861 1555 1035 1635 lmperator,
1052 1557 1166 1618 ttarcta
1180 1559 1273 1618 Auro·

131 1665 187 1725 lius
210 1664 288 1726 haud
311 1664 461 1744 dedignati
483 1673 552 1726 sunt
573 1663 757 1745 profiteri?¹)
802 1667 899 1727 Vosne
921 1665 1057 1746 probetis
1087 1666 1128 1727 vel
1152 1668 1273 1726 interle-

129 1784 227 1836 ctores
250 1776 393 1845 Socratis,
417 1776 623 1855 spurcissimos
646 1775 795 1846 homines,
820 1775 899 1856 quod
922 1777 1061 1856 populari
1082 1780 1195 1856 patriae
1218 1779 1273 1836 iru-

129 1888 213 1965 perio
236 1886 333 1947 minus
356 1886 482 1956 laveret,
506 1888 699 1948 iniustissimo
722 1889 819 1948 allecti
841 1885 1064 1967 suppliciol·‘²)
1108 1887 1180 1958 Quis
1203 1904 1273 1946 vero

130 1996 166 2056 ab
189 1995 244 2056 hac
266 1998 446 2065 temeritate,
470 1997 560 2057 immo
576 1998 743 2076 impietate,
766 2016 854 2078 quam
877 2016 945 2064 nos,
970 2005 1067 2077 potest
1082 1996 1186 2057 abesse
1208 1997 1273 2058 lon·

130 2108 211 2184 gius?
239 2108 304 2186 (puis
332 2105 433 2168 laudet
460 2126 526 2176 eos,
555 2109 604 2186 qui
632 2110 746 2187 patriae
775 2107 882 2169 linibus
910 2109 1045 2168 coerceri
1067 2108 1273 2187 continerique

131 2215 243 2276 litteras
264 2215 432 2297 postulant?
469 2215 532 2277 lloc
554 2226 652 2278 tamen
675 2217 852 2287 tenendum,
876 2217 1106 2287 commilitones,
1129 2236 1189 2277 non
1212 2218 1272 2277 sul·

130 2327 219 2385 llcere
242 2324 330 2385 docto
353 2325 454 2386 mundi
477 2345 541 2386 esse
563 2329 655 2386 civem
672 2346 755 2387 mora
772 2328 988 2396 recentiorum,
1013 2327 1082 2396 nisi,
1105 2345 1193 2406 quam
1217 2325 1273 2384 sibi

130 2434 255 2512 elegerit
269 2433 475 2503 habitandam,
497 2453 561 2495 eam
577 2437 722 2496 civitatem
739 2445 872 2498 veterum
888 2438 1025 2516 exernplo
1040 2437 1138 2496 animo
1155 2436 1273 2514 egregie

130 2544 236 2604 lrabeat
259 2562 368 2605 caram.
409 2546 518 2606 Verum
542 2564 580 2605 ne
601 2546 632 2605 in
656 2565 688 2606 ea
715 2565 764 2615 re,
788 2564 875 2624 quam
903 2547 966 2624 quis
993 2553 1089 2626 potest
1112 2546 1180 2605 vitio
1207 2564 1270 2604 vor·

130 2663 208 2724 tere,
233 2663 365 2716 veterum
388 2656 527 2716 daremus
549 2654 668 2725 slmiles,
692 2658 770 2737 quod
793 2657 870 2736 apud
894 2655 960 2717 illos
974 2656 1121 2736 plurimae
1141 2655 1283 2716 civitates.

129 2765 244 2825 nonnisi
274 2783 330 2825 una
360 2773 389 2825 et
416 2763 507 2826 altera
536 2763 697 2828 claruerint
724 2765 891 2846 disciplina,
921 2774 954 2827 ut
975 2768 1086 2828 Croton
1115 2764 1270 2834 medicina,

128 2873 302 2954 Alexandria
334 2877 540 2953 grammatica,
580 2879 756 2956 geometria,
795 2872 1026 2958 philosophici),
1060 2877 1134 2937 cavit
1167 2893 1271 2956 respu-

130 2983 205 3045 blica
234 2986 374 3046 institutis
400 2985 569 3049 scholarum
597 2988 852 3056 universitatibus
881 2986 995 3049 litteras
1023 2995 1052 3048 et
1080 2995 1158 3048 artes
1183 3005 1269 3066 quas·

129 3114 247 3173 cunque
263 3096 438 3157 idoneorum
454 3099 663 3175 magistrorum
680 3117 805 3159 numero
820 3098 984 3159 sufficiente
999 3096 1175 3177 compleris,
1197 3116 1271 3176 quas

130 3207 256 3266 maiores
284 3208 377 3267 nostri
407 3209 562 3270 commodo
596 3210 688 3287 magis
716 3228 802 3289 quam
831 3208 937 3269 latino
963 3209 1083 3269 nomine
1112 3211 1270 3283 gerantia

129 3314 318 3394 appellabant
338 3314 479 3394 studia⁴).
511 3318 569 3379 Sed
593 3318 630 3380 de
653 3319 708 3379 hac
730 3339 763 3379 re
786 3338 881 3399 nuper
897 3337 998 3381 snmus
1015 3316 1162 3379 uobiscum
1179 3316 1269 3377 eollo·

197 3584 222 3653 l)
241 3587 309 3638 Vide
327 3589 379 3639 has
398 3593 491 3655 partes
514 3589 611 3639 eximie
635 3594 764 3654 agentem
788 3589 909 3641 libellum
927 3589 1016 3641 bonae
1039 3589 1127 3654 frugis
1145 3587 1268 3653 plenum:

132 3671 244 3733 „Ueber
256 3676 317 3724 eine
334 3674 435 3739 Frage,
455 3673 498 3724 die
512 3673 621 3724 Herder
633 3673 736 3740 gethan
747 3672 831 3739 hat“‚
852 3679 964 3724 auctore
978 3673 1047 3724 Car.
1061 3672 1151 3724 urit.
1169 3671 1269 3721 Hein-

128 3755 217 3821 rich,
237 3756 329 3808 Kilon.
350 3759 423 3810 1810.

195 3839 221 3902 2)
240 3841 323 3892 Hanc
344 3859 438 3894 veram
461 3859 522 3895 cere
540 3843 664 3895 Socratis
687 3843 924 3895 condemnationis
947 3858 1059 3893 cansam
1080 3830 1270 3907 probabilibus

130 3924 247 3974 maxime
270 3930 441 3992 argumentis
464 3927 564 3979 dudum
588 3929 683 3981 effecit
704 3929 765 3979 Nic.
789 3930 932 3986 Freretus,
955 3928 984 3976 in
1007 3925 1091 3976 editis
1112 3925 1269 3989 nuperrime

128 4008 340 4062 Commentariis
356 4011 441 4063 Acad.
453 4013 594 4079 Inscriptt.
606 4014 639 4067 Τ.
652 4012 763 4064 XLVII.
778 4029 803 4078 p.
817 4013 960 4063 eoo-ato.
990 4007 1046 4075 [Cf.
1065 4009 1186 4060 auctoris
1205 4024 1270 4059 cen-

127 4108 219 4143 suram
238 4094 267 4143 in
285 4095 378 4145 annal.
397 4096 578 4163 Heidelberg.
600 4113 624 4151 a.
645 4097 716 4146 teto.
736 4096 810 4149 Part.
829 4097 861 4147 V.
877 4095 933 4148 vol.
951 4096 986 4146 11.
1006 4111 1033 4160 p.
1051 4094 1101 4144 325
1119 4092 1207 4158 seqq]

195 4174 222 4243 3)
242 4177 321 4234 Conf.
345 4179 498 4232 Menander
520 4180 623 4232 Rhetor
645 4179 678 4230 de
703 4180 836 4230 encomiis
859 4197 885 4246 p.
905 4182 937 4231 96
961 4178 1004 4230 ed.
1023 4179 1142 4229 Heereu.
1170 4175 1269 4244 [Walz.

127 4261 237 4313 Rhetor.
256 4262 303 4318 Gr.
321 4264 376 4315 vol.
396 4265 443 4316 tx.
462 4281 488 4330 p.
508 4264 576 4331 tao]

194 4348 222 4409 t)
245 4346 337 4399 Stadia
358 4355 388 4399 nt
410 4353 546 4400 vocentur
567 4349 633 4412 loci,
657 4349 704 4399 ubi
727 4347 880 4400 studiorum
903 4363 988 4400 cauea
1011 4348 1158 4400 convenire
1181 4347 1271 4398 colent

127 4429 258 4496 iuvenes,
277 4434 439 4486 recentioris
458 4439 502 4484 eet
519 4448 599 4500 uene,
618 4450 669 4484 nec
688 4433 838 4501 reperitur,
857 4433 928 4500 quod
946 4434 1043 4493 eciam,
1067 4437 1096 4486 in
1115 4433 1271 4498 antiquiore
