2866 4912
121 450 212 513 ditate
241 450 320 513 haud
348 452 515 522 verebitur;
551 454 577 512 is
604 470 701 532 neque
729 452 821 513 levem
850 451 941 514 ullum
971 473 1026 515 nec
1058 456 1261 532 gravissimum

119 579 255 623 errorem
277 569 441 623 retractare
462 564 601 632 sustiuet;
626 564 717 624 immo
740 581 777 624 ne
801 564 1000 633 convincatur,
1025 582 1122 644 noque
1144 567 1208 645 ipse
1232 570 1263 628 in

115 690 218 735 rerum
246 674 414 735 accuratius
442 674 577 753 inquirit,
608 681 637 735 et
665 675 775 736 amicos
803 674 891 753 lugit,
921 676 970 754 qui
999 674 1108 736 doecre
1136 676 1260 737 meliora

116 783 263 853 audeant3
292 786 318 846 is
347 782 473 846 aliorum
497 802 587 865 opera
610 784 783 864 amplificari
805 783 918 846 litteras
940 802 1030 865 aegre
1056 786 1127 856 lert,
1157 785 1262 847 studiis

117 912 222 955 eorum
244 892 377 956 honestis
406 894 473 956 dolo
503 905 532 956 ct
555 895 788 965 machinatione,
818 903 961 974 quantum
989 904 1102 975 potest,
1131 897 1259 968 obstare,

112 1004 257 1085 quidquid
281 1014 379 1067 autem
403 1006 601 1084 excogitatum
625 1008 731 1067 eximie
753 1007 856 1076 luerit,
887 1005 922 1066 ad
945 1025 978 1067 se
1001 1017 1151 1068 auctorem
1175 1027 1261 1068 revo-

113 1130 183 1176 care
205 1122 346 1185 conatum
374 1123 527 1195 postremo
550 1117 648 1177 variae
670 1116 822 1177 doctrinae
845 1117 947 1177 notitia
969 1117 1105 1179 sulllatus
1134 1137 1169 1178 eo
1192 1137 1259 1197 por·

111 1225 207 1294 venit,
238 1244 297 1305 quo
319 1225 456 1306 Hippiam
480 1226 647 1306 Sophistam
669 1226 800 1306 aliosque
817 1225 960 1308 vhomines
988 1226 1134 1306 superbos
1157 1246 1261 1306 perve-

110 1335 191 1396 nisse
218 1343 353 1407 constat,
386 1345 419 1399 ut
451 1336 715 1416 prudentissimum
749 1356 896 1418 quemque
929 1344 1079 1414 tamqnam
1114 1340 1259 1399 minorem

111 1453 322 1518 contemnens,
352 1449 383 1508 in
413 1466 526 1508 summa
555 1466 657 1509 rerum
681 1449 875 1511 maximarum
905 1449 1053 1528 imperitia
1082 1450 1180 1509 omnia
1202 1448 1260 1510 sihi

111 1554 194 1618 solus
216 1565 320 1619 tenere
343 1556 422 1618 velot
444 1557 552 1636 aliquis
574 1557 647 1619 deus
669 1559 811 1619 videatur.
845 1557 1015 1620 Istiusmodi
1038 1576 1107 1619 vero
1130 1560 1260 1638 ingeniis

112 1668 180 1745 quis
203 1674 249 1729 est
270 1669 321 1748 qui
339 1667 463 1748 provehi
486 1668 598 1730 litteras
620 1687 708 1749 posse
730 1668 908 1730 arbitretur?

198 1776 258 1839 Sed
280 1780 387 1840 animis
410 1779 589 1841 iuvenilibus
612 1786 709 1841 tantus
733 1780 864 1841 veritatis
889 1778 1066 1840 scrutandae
1088 1797 1172 1841 amor
1194 1790 1259 1842 tan·

115 1896 238 1967 tumque
260 1887 404 1950 bonarum
429 1892 537 1951 artium
566 1889 757 1951 colendarum
781 1890 912 1951 studium
934 1898 1038 1951 natura
1062 1892 1182 1951 insitum
1207 1901 1259 1962 ost,

114 2005 161 2068 ut,
185 1998 326 2077 quamdiu
350 2000 479 2071 discant,
508 2002 538 2061 in
568 2000 617 2061 illa
646 2001 714 2060 u‘tia
743 2000 820 2063 haud
848 1999 935 2062 iacile
957 2002 1135 2080 praecipites
1157 2008 1258 2063 ruant:

57 2174 61 2181 ⁸
110 2126 214 2171 verum
236 2109 288 2171 ubi
310 2128 418 2190 sapere
441 2113 559 2173 iamiam
576 2110 628 2172 tibi
643 2111 779 2182 videare,
803 2110 941 2172 ardorem
958 2130 1136 2190 generosum
1152 2112 1259 2172 restin-

109 2234 201 2296 guere
236 2223 405 2300 arrogantia
440 2220 524 2282 solet.
576 2220 671 2282 Nemo
705 2223 784 2281 onim
818 2219 1044 2301 philosophatur
1077 2221 1259 2300 sapientibus

111 2326 247 2401 arbitris
272 2332 330 2391 nisi
353 2331 404 2409 qni
428 2330 517 2393 multa
534 2349 598 2392 sose
615 2333 731 2392 nescire
754 2329 908 2408 intelligat.
942 2331 979 2391 Et
994 2333 1143 2408 quoniam,
1167 2349 1258 2411 quan·

112 2446 174 2501 tum
198 2441 329 2510 nescias,
354 2450 416 2503 tum
439 2443 627 2522 potissimum
650 2442 855 2521 perspexeris,
879 2438 931 2501 nbi
947 2439 1081 2519 Delphici
1104 2440 1149 2502 dci
1173 2460 1258 2520 prae·

108 2558 195 2629 cepto
211 2550 372 2613 obsecutus
388 2553 504 2614 noveris
519 2560 548 2613 te
563 2553 675 2631 ipsum:
700 2558 816 2611 mature
832 2550 995 2612 cavendum
1012 2556 1071 2620 est,
1095 2568 1133 2612 ne
1154 2569 1256 2612 rerum

110 2668 245 2723 naturam
263 2679 445 2741 cognoscere
464 2671 492 2723 et
508 2662 661 2723 doctrinae
676 2660 890 2741 supellectilem
903 2678 1077 2740 comparare
1093 2660 1257 2733 studentes,

110 2772 140 2833 in
164 2789 261 2852 eoque
283 2773 420 2852 occupati
443 2775 512 2842 toti,
543 2782 655 2833 vosmet
677 2773 734 2851 ipsi
763 2773 916 2850 ignoretis.
961 2772 1034 2834 llam
1059 2773 1188 2851 cognitio
1212 2774 1256 2832 sui

111 2880 178 2942 lons
200 2882 319 2943 virtutis
341 2884 564 2962 sapientiaeque
579 2882 762 2944 uberrimus:
787 2900 846 2962 quo
868 2884 978 2945 siccato
994 2881 1064 2961 quid
1080 2880 1163 2943 uobis
1185 2900 1253 2962 pro·

107 2990 185 3053 derit
207 3010 244 3053 ex
266 2991 369 3054 alienis
391 2992 493 3054 rivulis
516 2994 666 3054 hausisset

194 3103 279 3175 Quod
309 3111 459 3184 superest,
490 3102 720 3173 commilitones,
756 3105 846 3181 agite,
881 3121 988 3164 trorum
1019 3102 1252 3183 praelectionum

108 3212 289 3275 curriculum
312 3213 409 3274 studio
432 3213 522 3274 alacri
544 3213 747 3292 ingredimini,
771 3213 947 3294 scholasque
963 3220 1080 3274 nostras
1095 3233 1130 3274 eo
1153 3214 1253 3275 audite

108 3324 225 3392 animo,
248 3331 281 3384 ut
304 3341 362 3383 non
387 3322 482 3384 solum
505 3324 657 3384 doetrinae
680 3326 763 3404 copia
786 3331 816 3383 et
838 3323 1013 3392 subtilitate,
1039 3343 1140 3386 verum
1164 3327 1252 3386 etiam

108 3434 232 3501 uirtute,
268 3435 353 3493 ‹zurius
382 3434 428 3495 his
459 3434 643 3514 tomporihus
671 3452 737 3495 cara
767 3436 894 3495 manime
924 3451 1041 3495 annona
1069 3442 1128 3503 est,
1157 3433 1252 3494 indies

107 3544 283 3621 augeamini.
330 3544 393 3604 Ser.
420 3542 549 3604 llcrolini
572 3545 600 3604 d.
624 3542 726 3605 xxxi.
749 3562 789 3605 m.
814 3543 930 3605 lanuar.
954 3564 981 3605 a.
1003 3542 1201 3604 hhcccxht.
