2866 4912
633 360 649 364 ,,
674 265 783 366 ll-.

132 495 271 537 corenses
300 477 427 536 omissos
456 493 521 535 esse
557 494 572 535 a
603 475 739 545 Platone,
772 476 858 537 cuius
890 493 951 537 non
986 478 1129 538 intererat
1162 473 1277 557 singula

132 606 264 666 quaeque
288 583 451 665 explicare,
479 593 508 645 et
531 604 566 645 ex
589 584 721 646 eiusdem
744 588 891 646 sententia
914 585 1073 648 Geleontes
1095 607 1161 648 cum
1185 589 1277 667 Arga·

131 697 272 759 densibus
294 695 466 756 relerentlos
494 715 560 757 esse
587 696 624 756 ad
646 695 791 774 agricolas
815 704 844 757 et
866 697 1001 777 opificem
1033 706 1062 758 et
1090 698 1165 759 nihil
1194 708 1276 760 certe

132 807 269 888 impedit,
299 807 459 887 quominus
486 805 536 867 ille
558 807 588 867 in
613 805 715 867 eadem
738 807 829 867 luerit
851 809 1010 878 sententia,
1037 826 1127 887 qnam
1155 826 1191 868 ex
1214 809 1278 869 aliis

132 919 218 979 allert
234 916 425 984 Plutarchus,
450 936 484 977 ex
508 935 565 994 qua
588 917 747 978 Geleontes
769 917 889 997 quidem
905 917 1066 996 agricolae,
1090 917 1278 996 Argadenscs

130 1047 200 1129 pero
223 1030 343 1108 opifices
364 1027 484 1087 inerint.
519 1025 593 1088 Cave
616 1034 714 1087 autem
736 1036 823 1107 putes
844 1024 989 1106 agricolas
1011 1027 1182 1107 pastoribus
1205 1047 1276 1089 con-

130 1125 249 1197 iunctos
273 1137 406 1215 potuisse
434 1135 478 1198 vel
502 1157 518 1198 a
542 1137 664 1199 Platone
687 1136 730 1198 rel
755 1139 792 1198 ab
821 1136 878 1198 alio
901 1156 1049 1218 quoquam
1071 1158 1126 1219 pro
1148 1140 1275 1218 Aegiso-

130 1245 268 1307 rensibus
291 1246 409 1307 haberi:
433 1249 531 1308 osium
555 1249 634 1308 enim
657 1257 687 1309 et
702 1267 860 1328 caprarum
875 1247 973 1310 cultus
988 1250 1114 1310 infestus
1137 1268 1276 1328 agrorum

130 1356 272 1418 ruiturae.
318 1358 471 1418 Postremo
494 1357 709 1419 sacerdotalem
732 1361 856 1438 stirpem
881 1376 940 1418 non
962 1360 1096 1435 agnoseit
1118 1357 1216 1427 Plato;
1247 1360 1277 1420 id

130 1467 207 1546 qnod
231 1486 290 1528 non
314 1486 481 1538 monerem,
505 1469 560 1529 nisi
583 1470 613 1529 in
636 1487 670 1529 ea
693 1488 727 1530 rc
750 1478 900 1530 errassent
915 1466 1045 1546 ligerius
1066 1476 1096 1529 et
1111 1470 1275 1537 Clintonns,

130 1576 167 1636 ab
190 1577 256 1638 aliis
278 1585 377 1638 tamen
399 1579 458 1639 iam
482 1580 617 1640 relutati:
647 1579 760 1641 Timaei
784 1581 862 1639 enirn
885 1580 969 1639 locus
990 1598 1019 1658 p.
1043 1576 1086 1640 24
1107 1579 1140 1639 t.
1164 1579 1216 1639 ubi
1240 1579 1277 1639 tle

129 1687 303 1748 sacerdotali
326 1690 419 1767 stirpe
441 1688 559 1758 dieitur,
583 1690 620 1750 ad
635 1690 846 1768 Aegyptiorum
862 1691 1007 1751 rationem
1023 1689 1199 1757 referendos
1221 1697 1275 1760 est,

131 1815 217 1874 quam
247 1800 454 1864 vetustissimis
481 1800 585 1860 Atticis
612 1801 755 1861 institutis
783 1799 911 1861 similem
939 1818 1006 1861 esse
1033 1798 1075 1860 iit
1104 1801 1278 1879 pronuntiat

129 1908 271 1970 sacerdos
293 1911 468 1988 Aegyptius:
502 1908 606 1970 similis
635 1928 704 1970 vero
735 1909 860 1989 utraque
889 1912 963 1971 ratio
987 1929 1051 1971 esse
1076 1928 1133 1971 non
1157 1910 1275 1979 desinit,

131 2020 244 2078 etiamsi
266 2019 452 2079 sacerdotnm
477 2021 567 2099 stirps
589 2019 665 2099 aputl
688 2021 799 2080 Atticos
822 2019 901 2081 nulla
925 2021 1047 2081 luerit.“
1075 2020 1106 2080 C.
1124 2021 1144 2080 1.
1162 2022 1196 2081 G.
1213 2020 1232 2080 1.
1250 2039 1275 2080 ο.

130 2147 158 2207 p.
183 2125 315 2190 930a.b.
362 2130 450 2190 Vides
478 2130 568 2207 igitur
591 2129 743 2190 Platonem
774 2149 886 2210 ponere
914 2122 1141 2209 δημιουργούς
1168 2122 1275 2208 (App.)

130 2238 263 2298 diversos
285 2257 300 2298 a
325 2238 465 2316 reliquis,
489 2232 767 2319 σοηυοὍττλησιν
788 2257 876 2316 agros
891 2239 1040 2308 tribuere,
1065 2239 1116 2299 sed
1140 2238 1198 2298 illis
1220 2257 1278 2297 τε-

131 2345 250 2406 λοῦσιν
278 2347 337 2407 alii.
372 2347 510 2416 „Platoni
540 2347 617 2408 addo
639 2347 842 2418 Aristotelem,
876 2367 1024 2409 summum
1048 2334 1174 2417 indicio,
1209 2347 1275 2418 tide,

131 2457 282 2524 doctrinm
306 2456 342 2516 tle
366 2473 425 2535 qno
447 2455 548 2517 Schol,
573 2457 645 2518 Plat.
669 2456 792 2517 Anioch.
818 2455 888 2536 (371
909 2457 941 2536 D)
965 2477 994 2537 p.
1009 2453 1073 2518 465
1095 2456 1142 2517 etl.
1167 2456 1274 2517 Boin:

127 2559 354 2647 Ἀριστοτέλης
380 2560 463 2647 φησὶ
491 2567 551 2626 τοῦ
580 2560 662 2627 ὅλου
691 2561 846 2646 πλήθους
868 2563 1074 2649 διῃρημένου
1093 2560 1277 2646 Ἀθήνησιν

130 2678 178 2751 εἰς
204 2695 240 2737 τε
268 2671 346 2749 τούς
371 2670 542 2757 γεωργούς
568 2672 626 2737 καὶ
652 2670 728 2750 τούς
757 2670 1002 2757 δημιουργοὺς,
1030 2671 1141 2756 φυλὰς
1163 2669 1276 2737 αὐτῶν

130 2778 216 2848 εἶναι
237 2785 416 2868 τέσσαρας,
445 2783 513 2848 τῶν
541 2783 578 2848 δὲ
602 2786 723 2867 φυλαῖν
745 2781 886 2868 ἑκάστης
912 2787 1032 2867 μοίρας
1058 2778 1145 2848 εἶναι
1174 2793 1274 2867 τρεῖς,

129 2893 170 2970 tir
196 2891 351 2976 τριττύας
376 2917 412 2958 τε
441 2897 582 2959 καλοῦσι
611 2893 667 2958 καὶ
696 2897 875 2978 φρατρίας,
909 2893 1049 2978 ἑκάστης
1076 2894 1113 2958 δὲ
1146 2891 1276 2958 τούτων

130 3005 313 3089 τριάκοντα
336 2997 424 3068 εἶναι
445 3003 542 3089 γένη,
566 3004 604 3069 τὰ
626 3005 663 3068 δὲ
678 3005 777 3087 γένος
799 3005 837 3069 ἐκ
852 3004 1035 3088 τριάκοντα
1055 3004 1199 3070 ἕκαστον
1212 3001 1275 3068 ἆν-

130 3115 223 3199 ὃρῶν
246 3114 462 3197 συνεστάναι,
485 3114 626 3190 τούτους
647 3114 710 3179 (1111
734 3111 784 3198 (δὴ
806 3117 909 3195 sent.)
933 3110 1040 3196 ,,τούς
1063 3119 1110 3191 εἰς
1132 3112 1274 3198 τὰγένη

130 3225 352 3309 τεταγμένους
373 3224 536 3310 γεννήτας
555 3226 727 3290 καλοῦσιν.
759 3233 901 3308 Apertum
925 3236 979 3299 est,
1002 3227 1189 3290 Aristotelem
1205 3247 1275 3288 cau·

130 3360 209 3410 sanr,
240 3357 332 3417 qnare
361 3338 555 3400 Athenienses
589 3340 618 3399 in
653 3345 789 3416 quattuor
822 3339 888 3400 illas
916 3339 1010 3400 tribus
1037 3339 1121 3400 dirisi
1153 3339 1273 3406 inerint,

132 3458 268 3530 repetere
291 3468 307 3510 a
330 3451 514 3527 negotiorum
537 3449 758 3518 distributione;
782 3467 857 3527 quae
879 3468 965 3510 cansa
986 3451 1156 3510 continetur
1177 3446 1275 3507 verbis

129 3563 159 3620 in
189 3561 336 3640 principio
364 3559 529 3620 collocatis:
564 3559 625 3618 τοῦ
653 3554 735 3620 ὅλου
763 3555 917 3640 πλήθους
944 3555 1148 3640 διῃρημένον
1171 3549 1274 3636 Ἀθη-

130 3683 230 3751 νησιν
258 3671 307 3743 ελς
336 3688 372 3730 τε
399 3661 478 3741 τούς
504 3661 675 3749 γεωργούς
701 3665 757 3730 καὶ
785 3662 864 3743 τούς
891 3662 1127 3750 δημιουργούς.
1172 3664 1271 3727 Mutila

127 3780 202 3841 haec
229 3799 308 3861 esse
324 3787 406 3842 recte
436 3779 642 3841 animadvertit
670 3781 877 3842 Sclromannus
904 3779 1049 3860 (Proocm.
1074 3777 1180 3838 indicis
1203 3776 1271 3836 lect.

128 3909 154 3949 a.
186 3887 406 3952 1835-1836
435 3908 462 3969 p.
494 3887 534 3950 10
563 3887 626 3970 [=
653 3891 762 3970 Opusc.
793 3889 853 3951 Vol.
885 3889 896 3948 1
924 3909 952 3968 p.
985 3885 1084 3967 119]);
1128 3894 1160 3946 ut
1193 3889 1271 3946 enim

129 4008 269 4082 qnattnor
292 4000 387 4061 tribus
408 4008 492 4068 sont,
521 4002 561 4060 ita
585 3998 755 4061 debuerunt
777 4007 916 4077 quattuor
944 3999 1020 4057 vitae
1042 4014 1152 4074 genera
1177 3996 1271 4056 nomi·

128 4112 207 4171 nari:
230 4110 281 4170 sed
305 4119 447 4173 vetustam
470 4130 536 4171 esse
559 4093 709 4177 lacunam,
738 4126 826 4189 qnam
849 4106 967 4186 quidem
991 4109 1049 4166 ianr
1072 4107 1180 4167 ltloeris
1202 4126 1271 4186 rep·

127 4222 253 4300 pererit,
277 4224 328 4302 qui
346 4217 471 4299 ‘scripsit
486 4222 614 4299 pessime
631 4222 666 4300 (v.
683 4217 867 4297 perspecti·
889 4209 910 4298 ἠ
932 4211 1030 4290 πόλις
1047 4207 1068 4298 ἦ
1091 4210 1159 4278 τοῖν
1170 4209 1272 4297 Ἀθη-

127 4331 200 4392 νοῖν
226 4323 412 4392 τοταλαιόν
438 4323 677 4408 διεκεκόσμητο
707 4325 820 4409 διχῶς,
855 4329 902 4400 εἰς
929 4347 965 4389 τε
998 4319 1077 4400 τούς
1102 4319 1272 4408 γεωργοὺς

128 4438 183 4502 καὶ
206 4434 285 4514 τούς
306 4433 548 4521 δημιουργούς·
578 4424 672 4499 οὗτοι
699 4434 738 4500 δὲ
766 4433 870 4498 πάλιν
897 4432 1057 4519 διῄρηντο
1087 4435 1135 4511 εἰς
1161 4429 1272 4516 φυλὰς

179 4548 286 4590 Boecislt's
300 4547 416 4591 Schriften.
429 4547 466 4588 lV.
1055 4559 1075 4606 ρ
