2866 4912
675 180 782 278 „.-2'd}
813 274 817 278 ,

141 400 157 445 a
265 390 366 469 ltaque
395 389 527 450 videmus
555 387 684 448 Athenas
711 391 804 467 ipsas,
833 389 927 447 omnis
956 387 1146 447 humanitatis
1173 395 1328 466 parenetes,

178 502 327 580 principio
351 499 454 560 cadem
470 507 586 559 utentes
601 496 784 577 reipublicae
800 498 904 567 iorma,
930 514 1017 574 quam
1033 496 1166 558 Orientis
1189 499 1328 557 nationes

177 611 247 672 inde
269 610 306 672 ab
330 609 540 687 antiquissimis
564 607 748 688 temporibus
770 606 911 669 tenebant
939 608 1192 676 constantissime;
1223 609 1286 669 sive
1309 627 1326 668 a

177 722 309 800 Cecrope
335 723 494 800 Aegyptio,
523 727 555 778 ut
583 725 652 779 suut
680 720 729 797 qui
757 724 875 798 putent,
906 718 1038 779 Athenae
1066 725 1233 786 traxerunt,
1263 720 1326 777 sive

178 831 294 892 lonicae
316 832 426 910 gentis
450 837 607 907 antequam
630 830 755 890 Atticam
779 836 889 889 terram
911 836 1085 908 occuparet,
1109 830 1230 907 propria
1254 828 1324 888 luit:

178 940 256 1021 quod
280 939 488 1019 multomagis
511 937 666 1019 probabile
689 947 746 1009 est,
776 944 838 999 tum
862 939 941 1016 quod
971 938 1007 1000 ab
1030 938 1109 999 lonis
1131 937 1200 999 liliis
1222 936 1324 1017 appel·

178 1050 228 1113 lati
252 1050 353 1131 populi
369 1051 521 1119 teruntur,
545 1058 607 1109 tum
631 1047 709 1126 quod
733 1057 898 1110 ceterarum
915 1066 1035 1126 quoque
1050 1049 1182 1109 Graecae
1197 1050 1326 1109 nationis

178 1163 325 1238 gentium,
360 1167 448 1237 atquc
477 1159 550 1219 adeo
577 1159 795 1230 Romanorum,
829 1158 954 1219 similem
984 1160 1151 1219 invenimus
1179 1157 1325 1219 conditio·

179 1288 257 1331 nem.
304 1271 345 1331 lle
368 1287 424 1349 qua
448 1287 481 1328 re
503 1268 552 1329 hic
574 1288 634 1329 uon
663 1278 708 1330 est
736 1269 842 1347 agendi
864 1268 956 1330 locus.
1003 1266 1104 1348 [„Nec
1127 1286 1196 1328 vcro
1219 1287 1325 1348 quam·

178 1380 229 1440 diu
257 1380 373 1440 lonicae
400 1377 497 1440 tribus
524 1380 646 1440 Athenis
674 1380 794 1441 nomine
822 1387 909 1441 tenus
936 1386 1070 1439 retentae
1098 1384 1180 1448 seint,
1208 1378 1325 1439 tamdiu

178 1509 232 1570 per
261 1488 355 1550 tribus
382 1488 473 1551 divisa
502 1491 619 1568 negotia
649 1508 714 1550 csse
748 1491 901 1570 quisquam
935 1490 1095 1569 putaverit,
1128 1487 1178 1549 sed
1212 1486 1324 1548 abolita

179 1599 293 1679 pridem
316 1601 443 1661 instituti
467 1602 493 1660 ri
509 1608 683 1661 manserunt
698 1600 838 1661 vocabula
862 1609 893 1661 et
913 1599 1057 1680 quaedam
1082 1608 1114 1659 ut
1137 1599 1196 1658 dixi
1214 1603 1325 1660 veteris

178 1711 270 1770 moris
292 1709 435 1788 reliquiae
459 1729 493 1770 er
517 1729 552 1771 eo
575 1728 646 1771 aevo
669 1718 861 1790 propagatae,
885 1730 943 1792 qno
967 1711 1072 1772 Graeci
1088 1706 1211 1770 vinculis
1235 1718 1322 1769 natu-

178 1837 229 1879 rae
251 1821 345 1897 magis
368 1837 455 1897 quam
485 1822 608 1881 rationis
637 1818 758 1881 obnoxii
786 1830 816 1880 et
842 1820 1039 1882 harbarorum
1067 1819 1179 1880 similes
1206 1828 1321 1880 essent:

178 1928 216 1988 ab
243 1929 289 1990 his
320 1932 397 1990 enim
427 1931 492 2010 ipso
519 1930 692 2011 Thucydide
722 1940 843 1992 anctore
876 1932 913 2008 (l,
942 1928 982 2007 6.)
1016 1931 1107 2010 prisci
1134 1929 1322 1990 Graecorum

179 2058 276 2099 mores
298 2058 357 2100 non
381 2058 560 2120 magnopere
583 2039 762 2101 distabant.“
806 2042 837 2102 C.
854 2041 875 2101 l.
892 2041 926 2102 G.
943 2041 961 2101 l.
979 2060 1005 2100 c.
1022 2060 1051 2120 p.
1068 2036 1178 2120 beon]
1206 2039 1323 2100 hdultis

178 2168 248 2209 vero
270 2151 328 2210 iam
350 2149 472 2211 Athenis
495 2122 599 2219 S'olom
629 2169 806 2230 quamquam
834 2159 964 2212 sacratas
987 2156 1129 2211 vetustate
1152 2148 1249 2211 tribus
1271 2159 1324 2211 aut

177 2257 282 2321 tollere
311 2278 399 2320 ausus
433 2279 492 2321 non
522 2269 581 2330 est,
615 2270 665 2322 aut
693 2281 753 2322 non
786 2263 899 2341 putarit
928 2259 1073 2320 tollendas
1107 2277 1186 2328 esse,
1222 2267 1321 2320 tanwn

177 2380 280 2431 senatu
305 2388 339 2432 er
369 2371 507 2432 omnibus
531 2379 669 2449 quattuor
692 2371 828 2433 tribubus
856 2370 933 2431 lecto
961 2379 991 2430 et
1018 2370 1114 2430 addita
1143 2369 1245 2448 populi
1268 2371 1321 2431 de·
1381 2431 1385 2438 ,

177 2482 339 2560 scriptione
362 2499 525 2551 escensu,
549 2501 584 2543 ac
606 2484 730 2543 remisso
753 2501 822 2543 aere
844 2480 956 2551 alieno,
984 2497 1042 2559 quo
1064 2499 1211 2561 paauperes
1236 2479 1321 2540 nohi-

178 2589 254 2651 lihus
276 2590 410 2651 obstricti
427 2599 524 2665 erant,
549 2594 667 2652 nomina
683 2599 806 2662 tantum,
832 2611 889 2652 non
907 2593 963 2651 vim
980 2592 1169 2652 strationem
1187 2598 1320 2652 veterum

179 2699 308 2760 tribuum
339 2700 473 2778 reliquit,
502 2701 598 2761 donec
626 2701 793 2763 Clisthenes
822 2704 940 2763 nornine
969 2704 1030 2781 ipsa
1060 2698 1196 2761 abolevit.
1246 2702 1320 2762 Nam

178 2816 245 2868 ante
268 2808 407 2869 Solonem
431 2809 508 2870 haud
531 2810 702 2889 ambiguum
732 2820 776 2872 est
804 2820 956 2874 senatores
985 2831 1020 2873 ex
1046 2811 1117 2873 solis
1139 2811 1320 2891 Eupatridis,

178 2919 227 2997 qui
244 2916 401 2997 lloplctum
425 2919 502 2979 tribu
525 2921 763 2992 continebantur,
788 2921 880 2985 lectos
901 2941 982 2991 esse;
1006 2922 1116 2985 tributa
1137 2932 1235 2985 autem
1258 2941 1320 2982 non

182 3081 407 3088 ’.ο-*-

177 3182 277 3246 partim
301 3197 355 3232 non
373 3181 498 3242 Ionicae,
522 3187 622 3250 partim
646 3186 738 3236 famae
761 3187 889 3237 socordia
912 3202 1009 3252 parum
1031 3189 1162 3235 accurate
1186 3183 1316 3238 traditae.

179 3262 239 3332 [Sic
256 3264 320 3315 olim
344 3271 454 3333 auctor,
478 3269 506 3317 in
526 3267 554 3321 O.
574 3269 596 3322 1.
616 3269 634 3322 l.
654 3286 677 3323 c.
696 3289 721 3337 p.
740 3273 812 3323 ereb
836 3271 909 3321 idem
933 3271 1003 3320 alias
1026 3285 1096 3334 quac
1121 3270 1248 3319 ferrantur
1270 3269 1318 3318 an-

157 3349 311 3417 ,tiquiores
334 3351 429 3416 populi
450 3352 602 3404 divisiones
625 3358 776 3421 ,‚omnes“,
800 3357 904 3422 inquit,
927 3371 986 3417 „ne
1010 3354 1131 3405 Theseia
1153 3354 1262 3419 quidem
1290 3355 1319 3403 in

176 3435 341 3501 Eupatridas
360 3452 393 3485 ac
411 3437 559 3488 Geomoros
578 3440 781 3506 etDemiurgos
801 3444 933 3506 excepta,
953 3438 1095 3489 fabulosas
1113 3454 1173 3489 esse
1191 3437 1236 3489 vel
1255 3437 1318 3488 inde

177 3524 268 3585 patet,
288 3520 360 3586 quod
371 3521 481 3588 Ionica,
500 3522 534 3573 de
547 3539 602 3588 qna
614 3524 729 3575 dicimus
742 3541 776 3574 ex
788 3541 894 3576 summa
907 3524 1076 3590 antiquitate
1089 3524 1217 3574 derivata
1229 3523 1317 3572 mani-

177 3605 250 3655 festo
274 3610 317 3656 est
339 3604 489 3671 eademque
511 3608 540 3657 in
564 3609 725 3660 historicam
748 3615 870 3661 aetatem
893 3607 1086 3675 propagata.“]
1123 3610 1166 3658 De
1188 3609 1224 3659 iis
1247 3623 1318 3658 snm-

177 3690 269 3739 matim
286 3689 362 3751 ,dixit
384 3690 495 3755 Pollux,
522 3697 621 3760 atque,
651 3698 682 3745 ut
704 3699 784 3744 notos
806 3694 891 3745 libros
914 3698 1134 3759 praetereamus,
1162 3692 1318 3758 nuperrime

177 3773 244 3824 data
262 3789 346 3840 opera
364 3775 414 3827 Ed.
434 3776 585 3829 Platnerns
606 3781 635 3829 in
657 3778 736 3829 modo
759 3785 909 3831 memorata
926 3778 1165 3830 commentatione.
1202 3774 1318 3842 [*Haoc

177 3859 242 3909 olim
260 3860 373 3924 scripsi;
392 3860 441 3912 sed
460 3878 532 3916 nunc
551 3879 670 3929 quoqne,
693 3862 819 3915 undecim
838 3865 919 3914 annis
937 3869 1013 3930 post,
1037 3862 1104 3913 licet
1122 3861 1232 3928 plurimi
1251 3875 1318 3912 eurs-

177 3942 238 3994 dam
257 3944 395 3994 volverint
411 3945 545 4012 lapidem,
563 3949 609 3997 vix
628 3948 775 4014 quidquam
792 3951 912 4014 reperio,
932 3947 1006 4013 quod
1024 3964 1080 4006 me,
1103 3953 1134 3996 ut
1152 3946 1317 3998 sententiam

177 4043 265 4078 meam
288 4034 404 4092 mutem,
430 4046 599 4087 commovere
618 4034 714 4098 possit.
747 4034 874 4085 Attamen
897 4032 952 4083 alio
976 4032 1050 4096 loco,
1078 4032 1144 4083 data
1172 4030 1317 4093 facultate,

177 4112 334 4163 universam
360 4115 492 4178 tribuum,
520 4120 657 4182 gentium,
686 4122 840 4170 ceterarum
865 4119 965 4169 civium
990 4116 1157 4168 divisionum
1184 4111 1329 4166 rationem

177 4197 267 4246 denuo
289 4199 417 4251 tractabo
441 4200 474 4251 de
495 4199 678 4270 industrie.*]
716 4199 853 4270 [Vidimus
872 4207 1013 4255 auctorem
1036 4199 1108 4253 h'ano
1131 4202 1253 4253 tribuum
1276 4215 1317 4250 ra·

176 4281 280 4332 tionem
302 4283 402 4335 iterum
427 4288 563 4336 tractasse
586 4286 717 4353 Corporis
739 4289 825 4338 lnscr.
842 4287 862 4343 l.
881 4290 992 4356 saepius
1010 4289 1110 4349 citet03
1133 4286 1166 4337 de
1186 4285 1317 4352 phratriis

179 4371 207 4416 et
229 4368 358 4432 gentibus
377 4368 481 4421 dictum
498 4374 540 4420 est
557 4371 659 4424 ibidem
677 4373 713 4425 ad
732 4388 758 4426 n.
778 4374 854 4426 3064.
874 4373 934 4426 Vel.
951 4375 979 4428 11
998 4391 1023 4442 p.
1042 4375 1093 4426 650
1110 4369 1164 4440 sq]
