2866 4912
661 230 811 327 16,

162 437 245 508 dem,
270 437 417 498 diversum
441 456 507 498 esse
536 438 689 514 utriusque
717 436 845 499 cultum:
874 440 930 501 hoc
954 445 1053 508 erant,
1083 437 1134 516 qui
1156 437 1196 496 ita
1219 437 1315 496 inter·

162 555 368 628 pretarentur,
398 566 431 608 ac
458 549 483 608 si
511 547 646 608 diversae
676 547 732 608 hae
755 557 854 609 esseut
876 549 963 618 deae,
994 556 1024 608 et
1051 547 1107 607 luit
1128 546 1201 607 baec
1224 544 1315 623 vulgo

163 666 282 738 recepta
314 658 430 738 opinio,
466 659 575 737 quippe
609 674 698 735 quum
731 656 803 719 alios
834 661 951 737 utrique
979 667 1118 736 parentes
1152 655 1315 716 tribuerint

163 767 353 846 theogoniae:
388 768 424 828 de
453 787 488 828 eo
516 768 573 829 sibi
602 785 661 828 non
689 767 804 848 liquere
832 771 872 830 ait
898 767 1133 848 Xenophonteus
1161 767 1314 841 Socrates,

118 891 148 939 18
165 896 220 938 nec
242 898 294 939 sua
318 878 375 939 hoc
397 879 527 938 referre:
551 879 687 940 sufficere
703 879 781 939 enim
798 879 869 950 sihi,
894 878 973 957 quod
990 877 1080 939 altera
1098 878 1195 938 miuus
1210 886 1315 938 sancte

163 987 291 1058 colatur,
321 988 413 1050 altera
443 988 620 1067 religiosius.
663 988 705 1049 lta
730 990 755 1049 si
777 988 851 1050 haec
871 987 1036 1067 intelliges,
1064 1007 1125 1049 non
1155 988 1211 1047 orit
1233 986 1314 1066 quod

163 1099 348 1159 Platonicum
371 1098 544 1160 Pausaniam
568 1117 584 1159 a
607 1098 804 1178 Xenophonte
825 1107 912 1180 putes
935 1099 1100 1160 dissentire.
1145 1097 1198 1158 llle
1222 1099 1314 1166 euim,

164 1208 275 1270 Omnes
297 1210 423 1281 scimus,
447 1209 588 1290 inquitb,
611 1212 675 1271 siue
698 1212 806 1273 Amore
827 1229 888 1271 non
912 1229 978 1271 esse
1000 1210 1144 1270 Venerem
1152 1228 1159 1276 ;
1188 1225 1264 1286 qnae
1289 1208 1315 1268 si

165 1338 221 1380 una
246 1328 339 1388 esset,
370 1339 447 1381 unus
475 1321 552 1381 soret
578 1320 683 1380 Amor:
713 1321 781 1398 quia
811 1340 881 1381 vero
911 1319 997 1380 binae
1020 1325 1103 1388 sunt,
1132 1317 1194 1379 bini
1223 1319 1314 1377 etiam

164 1433 288 1490 Amores
312 1430 449 1492 vitientur
471 1448 544 1491 esse.
576 1430 612 1490 Et
634 1431 718 1510 quasi
741 1432 807 1509 quis
830 1429 958 1508 ambigat
980 1429 1017 1490 de
1041 1428 1117 1489 binis
1138 1427 1315 1496 Velleribus,

165 1539 267 1616 quidni
290 1559 374 1612 vero,
396 1541 500 1611 inlert,
524 1541 583 1600 sint
605 1539 699 1600 duae?
743 1534 877 1612 lleigd’
901 1532 1028 1600 01111ύο
1051 1532 1096 1599 cal
1119 1535 1202 1607 deod·
1232 1538 1315 1615 quod

165 1648 305 1730 deinceps
334 1670 369 1711 ex
398 1649 577 1732 mythologia
605 1649 803 1719 demonstrat,
838 1649 960 1712 alteram
989 1650 1091 1711 dicens
1119 1658 1189 1709 natu
1219 1650 1317 1708 maio·

165 1778 244 1830 rem,
275 1761 366 1822 Urani
389 1761 478 1821 liliam
501 1768 596 1822 matre
618 1761 748 1838 genitam
772 1760 867 1830 nulla,
898 1759 1021 1821 alteram
1044 1761 1206 1828 minorem,
1237 1757 1317 1820 lovis

166 1879 195 1930 et
217 1870 338 1931 lliouae.
376 1870 481 1932 Nonne
504 1870 577 1931 haec
600 1869 690 1932 rerba
712 1872 807 1950 ipsam
830 1870 1074 1949 Xenophonteanr
1097 1869 1317 1930 dubitationem

166 1988 288 2059 possunt
310 1982 464 2059 spectaret
508 1981 545 2041 Et
566 1989 632 2041 uter
655 1982 712 2041 iam
735 1983 793 2043 utri
815 1981 970 2043 oblocutus
992 1980 1117 2050 videtur,
1144 1979 1317 2059 Xenophon

166 2089 295 2161 Platoni,
320 2109 358 2152 an
380 2090 463 2152 Plato
478 2090 685 2169 Xenophonti?
712 2091 783 2153 Vide
806 2109 893 2169 quam
917 2090 1007 2153 debili
1029 2090 1221 2151 fundamento
1243 2090 1318 2151 sub-

167 2201 233 2260 nixa
255 2203 293 2261 sit
315 2203 370 2261 ista
399 2202 515 2281 opinio,
545 2218 620 2279 quae
644 2200 869 2282 Xenophontem
892 2200 1035 2263 Platonici
1065 2201 1212 2279 Symposii
1242 2182 1318 2262 cen·

166 2329 264 2372 sorem
294 2310 513 2391 quodammodo
543 2312 638 2390 egisse
666 2320 813 2391 nugatur,
847 2312 960 2372 scilicet
987 2312 1100 2372 herirata
1129 2315 1320 2388 argumentis

164 2421 215 2490 iis,
246 2439 321 2500 quae
349 2421 431 2483 nullo
459 2422 578 2501 negotio
605 2424 775 2503 retorqueri
803 2433 912 2502 queant
940 2423 969 2482 in
998 2423 1103 2501 ipsam.
1156 2422 1319 2500 Utcunque

165 2541 263 2592 tamen
286 2536 423 2594 statueris
446 2532 619 2603 haedere,
643 2553 680 2595 ne
698 2534 816 2595 minima
834 2532 953 2611 quidem
970 2530 1096 2592 invidiae
1114 2530 1217 2592 subest
1233 2540 1319 2593 nota.

249 2642 307 2703 Sed
336 2642 414 2724 apud
438 2643 604 2712 Platonem,
635 2645 731 2713 aiunt,
761 2644 899 2703 Socrates
927 2661 962 2702 ex
990 2644 1056 2722 ipso
1083 2649 1217 2722 pspctere
1248 2661 1320 2704 snr-

164 2758 282 2828 gentem
311 2771 406 2832 osque
434 2752 542 2824 solem,
571 2753 647 2833 apud
671 2752 899 2832 Xenophontem
922 2771 958 2812 011
985 2753 1094 2813 minori
1118 2752 1226 2831 poculo
1250 2772 1319 2814 mo·

166 2861 230 2922 dice
258 2861 348 2922 bibit:
379 2881 478 2923 nonne
507 2862 580 2924 haec
608 2869 653 2924 est
680 2862 891 2941 reprehensio,
921 2863 999 2940 quod
1022 2861 1174 2924 Socratem
1205 2863 1317 2924 intern-

164 2973 344 3051 peratiorem
368 2974 486 3034 lirtxerit
500 2973 676 3035 Academiae
691 2972 904 3052 philosophus?
933 2973 1052 3033 Minime
1076 2992 1160 3044 vero,
1184 2994 1202 3033 o
1226 2972 1318 3036 boni!

165 3081 330 3162 Xenophon
352 3084 382 3144 in
399 3084 552 3164 Symposio
574 3083 632 3145 hoc
654 3083 710 3145 sibi
733 3090 942 3164 proposuerat,
966 3091 999 3142 ut
1021 3082 1174 3144 Socratem
1196 3083 1316 3145 descri-

168 3191 251 3253 beret
281 3201 446 3255 versantem
474 3196 504 3255 in
533 3195 679 3266 convivio,
708 3193 795 3273 quale
823 3193 926 3254 haberi
954 3191 1070 3255 solebat
1100 3193 1249 3273 quotidie;
1285 3197 1317 3257 in

167 3320 263 3380 eoque
285 3322 373 3383 quum
397 3306 568 3367 universum
592 3306 793 3366 conviviorum
816 3311 1005 3384 apparatum,
1034 3302 1223 3365 tibicinarum
1255 3304 1318 3366 sal-

167 3414 347 3494 tatoriasque
369 3422 448 3476 artes
469 3424 628 3497 ceteraque
650 3417 838 3477 convivarum
861 3414 1091 3486 oblectamenta,
1119 3422 1181 3475 tum
1204 3388 1317 3476 Socra·

166 3532 225 3584 tcm
248 3526 361 3602 ipsum,
386 3525 503 3602 qualem
526 3545 558 3587 se
580 3525 758 3606 praebebat,
782 3525 924 3605 graphice
940 3526 1100 3604 expressit:
1124 3523 1206 3585 Plato
1229 3544 1316 3598 vero,

165 3636 216 3712 qui
243 3653 391 3696 summum
426 3637 602 3715 sapientiae,
636 3635 861 3705 moderationis,
897 3637 1109 3716 temperantiae
1142 3633 1317 3715 exemplum

164 3764 332 3824 proponere
363 3745 523 3824 legentium
552 3749 748 3809 constituerat
770 3746 931 3815 mentibus,
961 3747 1114 3807 Socratem
1143 3730 1327 3825 potatorem*

100 3860 106 3867 '
166 3856 235 3916 lecit
256 3857 359 3927 talem,
384 3858 450 3935 qui,
481 3859 690 3937 quamvisper
713 3865 804 3918 totam
828 3856 944 3918 biberet
968 3864 1099 3925 noctem,
1128 3872 1184 3915 nec
1207 3836 1328 3935 latigo-⁹

165 3973 247 4026 10101
270 3969 337 4026 vino
357 3976 411 4028 nec
434 3968 676 4046 perturbaretur,
702 3984 756 4029 noc
779 3967 952 4047 quidquam,
976 3966 1169 4047 quodminus
1190 3964 1320 4029 deceret

166 4072 387 4155 philosophum,
417 4079 617 4139 committeret
641 4098 693 4158 per
716 4077 907 4138 ebrietatem:
940 4094 1037 4156 neque
1066 4077 1144 4137 euim
1172 4076 1318 4139 sufficere

165 4184 286 4264 putabat
308 4184 345 4245 ad
366 4187 591 4257 continentiam,
615 4190 640 4248 si
662 4190 728 4268 quis
750 4187 899 4250 abstinere
921 4189 1020 4247 avino
1043 4185 1144 4256 vellet,
1167 4185 1219 4247 sed
1244 4206 1317 4250 eum

235 4423 261 4490 1)
280 4421 383 4490 [Symp.
403 4424 482 4489 t'111,
500 4428 516 4474 2
536 4425 572 4490 (p.
596 4428 642 4475 180
660 4422 718 4492 D).]
