2866 4912
659 221 809 323 Ji„

163 435 321 497 Academia
344 431 620 514 philosopharetur,
649 442 800 513 postremo
830 441 859 493 ct
881 434 970 493 animi
992 433 1163 512 ingeniique
1193 440 1223 493 et
1247 432 1317 492 uni·

164 564 266 607 versae
288 548 362 607 vitae
385 545 506 606 rationis
533 563 567 606 ac
596 552 694 607 sectae
722 542 989 606 dissimilitudinem
1019 561 1098 614 eam,
1128 561 1205 623 qnae
1233 543 1318 603 inter

164 658 321 717 militarem
344 657 440 716 virum
463 664 492 717 et
514 655 664 717 hominem
687 655 724 716 de
746 654 847 716 schola
869 654 1040 724 soletessa,
1063 662 1218 734 praeterea
1242 671 1319 713 vero

117 772 150 819 22
167 769 244 828 inter
266 769 429 847 sapientem
457 765 492 825 ad
520 765 653 845 publicas
680 767 865 847 privatasque
894 763 1034 827 utilitates
1055 765 1192 825 universa
1215 762 1318 842 philo·

166 878 287 958 sophiae
309 884 466 958 praecepta
495 885 683 938 revocantem
709 886 884 954 ceterasque
912 883 992 937 artes
1019 883 1131 937 tantum
1158 891 1220 934 non
1242 892 1319 934 con-

164 997 361 1058 temnentem,
385 1005 419 1048 ac
441 986 649 1068 philosophum
666 989 849 1050 sanctissima
865 996 952 1067 atque
969 985 1187 1047 abstrusissima
1211 1003 1319 1046 rerum

92 1110 95 1116 ·
166 1099 332 1159 divinarum
356 1105 385 1158 et
407 1097 605 1159 humanarum
627 1098 711 1180 adyta
734 1107 893 1179 penetrare
917 1097 1086 1159 studentem
1096 1092 1126 1172 ¹).
1171 1095 1320 1156 Proiecto

167 1210 242 1269 mira
265 1207 383 1270 iecisset
404 1207 501 1278 Plato,
525 1210 550 1268 si
574 1225 646 1286 quas
667 1216 767 1288 partes
781 1207 931 1278 Phaedro,
955 1207 1132 1277 Theaeteto,
1157 1204 1319 1273 Glauconi.

167 1317 331 1387 Charmidi,
354 1318 493 1394 Timaeo,
518 1318 626 1380 Critiae
649 1317 771 1398 aliisque
793 1317 910 1388 tribuit,
940 1336 991 1379 eas
1012 1318 1193 1394 assignasset
1214 1313 1320 1375 Xeno·

166 1429 285 1508 phonti‚
315 1413 364 1506 qui
393 1446 453 1489 non
475 1429 585 1499 minus,
613 1448 702 1517 poam
722 1429 860 1490 Socrates
882 1429 991 1497 fertur,
1015 1428 1119 1489 inisset
1140 1426 1319 1496 miraturus,

167 1539 246 1599 unde
268 1538 342 1599 haec
365 1557 415 1600 sua
432 1539 601 1600 rescivisset
622 1539 698 1599 dicta
716 1538 752 1601 ab
774 1540 867 1619 ipsius
889 1538 987 1600 indole
1010 1545 1125 1598 tantum
1148 1535 1320 1598 abhorren-

169 1652 218 1709 tia.
263 1649 356 1728 igitur
384 1668 439 1711 nec
461 1650 615 1711 lamiliaris
636 1649 827 1728 Xenophonti
854 1657 917 1711 erat
945 1648 1027 1710 Plato
1056 1665 1151 1727 neque
1177 1647 1322 1726 inprimis

168 1757 299 1826 larebat,
325 1777 379 1820 nec
401 1777 538 1838 magnam
561 1760 598 1820 de
621 1779 656 1820 eo
672 1767 852 1839 conceperat
866 1761 1053 1839 opinionem:
1079 1776 1149 1819 num
1172 1774 1245 1817 vero
1268 1757 1322 1816 iric

73 1856 77 1874 ⁸
168 1868 242 1929 livor
270 1876 327 1939 est,
357 1887 427 1930 num
456 1883 523 1930 cum
552 1867 776 1947 Valckenario²i
802 1872 833 1931 in
862 1868 1015 1931 Platonem
1045 1868 1249 1948 iniquissimo,
1288 1875 1323 1927 ut

169 1978 294 2040 aliorum
318 1998 334 2039 e
357 1979 489 2057 Socratis
515 1979 675 2059 palaestra,
704 1982 743 2040 ita
771 1978 977 2060 Xenophontis
1005 1982 1105 2040 odium
1133 1976 1323 2061 Philosopho

169 2088 429 2169 exprobrandum?
472 2089 525 2151 Est
551 2093 639 2151 etiam
668 2088 751 2152 locus
778 2091 809 2150 in
831 2090 982 2151 Alcibiade
1010 2085 1148 2169 prior-1³),
1179 2088 1323 2148 simodo

168 2201 193 2259 is
223 2206 270 2259 est
296 2198 440 2268 Platonis
476 2216 535 2277 quo
567 2201 725 2279 significari
752 2199 917 2279 Xenophon
951 2218 1018 2261 cum
1052 2199 1138 2260 lande
1172 2196 1323 2259 rideatur.

169 2308 265 2370 Verba
288 2318 357 2371 sunt
379 2309 465 2370 haec:
497 2302 588 2371 Ἐπεί
611 2303 686 2371 ποτ’
716 2303 782 2390 ἐγώ
809 2303 941 2391 ἥκουσα
968 2302 1094 2390 ἀνδρὸς
1120 2301 1324 2382 ἀξιοπίστου

194 2518 197 2524 .
238 2470 263 2533 1)
286 2471 385 2521 Mirum
407 2469 538 2521 videatur
559 2470 714 2535 nonnuliis,
742 2472 790 2536 qui
813 2476 870 2521 tam
894 2470 1002 2522 diversa
1025 2470 1138 2535 ingenia
1161 2469 1195 2519 ab
1218 2469 1324 2519 eadem

170 2554 292 2606 Socratis
309 2554 454 2619 disciplina
472 2555 613 2619 potuerint
631 2555 777 2621 proficisci.
813 2555 867 2606 Sed
884 2554 1075 2619 intelligenter
1093 2569 1127 2604 ea
1147 2552 1180 2603 de
1199 2568 1229 2603 re
1249 2553 1325 2604 iudi-

170 2643 216 2688 oat
234 2639 414 2704 Fraguieriua
431 2638 449 2688 i.
469 2654 492 2691 e.
511 2654 537 2703 p.
557 2641 590 2690 58
608 2640 688 2689 cuius
705 2646 843 2705 postrema
865 2638 952 2691 verba
974 2638 1059 2704 digna
1077 2643 1154 2701 sunt,
1178 2653 1252 2702 quae
1272 2638 1324 2689 ad-

170 2722 329 2773 scribantur
345 2723 466 2787 integra:
491 2721 597 2786 „Cette
615 2721 751 2789 indgalitd
770 2724 887 2789 d'esprit
904 2728 933 2773 et
951 2722 1157 2788 d'intelligence
1175 2737 1205 2772 se
1218 2739 1325 2775 nemar-

171 2822 224 2870 qne
251 2812 313 2857 tons
342 2806 384 2857 les
406 2804 484 2869 jours
512 2806 580 2856 dans
603 2807 644 2860 les
666 2823 821 2874 personnae
845 2809 892 2876 qui
915 2807 975 2858 font
996 2807 1037 2857 les
1060 2823 1176 2858 mesmes
1199 2810 1324 2860 estndea.

171 2891 251 2940 Ainsi
268 2891 302 2940 de
322 2891 392 2942 deux
410 2890 532 2941 hommes
550 2892 597 2956 qui
616 2892 819 2944 s'attacheront
837 2893 854 2943 A
871 2892 921 2943 lire
939 2891 981 2942 las
998 2891 1142 2956 dialogues
1161 2892 1194 2941 de
1208 2891 1322 2958 Platon,

170 2964 228 3024 l’un
246 2971 282 3023 nd
304 2990 372 3039 pour
392 2974 435 3025 les
457 2972 602 3027 reflexione
624 2980 653 3027 et
675 2975 717 3026 les
739 2976 824 3028 veiis
846 2977 880 3028 de
902 2976 931 3026 la
949 2977 1031 3027 haute
1050 2975 1237 3042 philosophie,
1262 2980 1323 3029 s'en

171 3058 272 3109 rendra
288 3075 403 3125 propres
421 3065 483 3110 tous
499 3058 541 3111 les
560 3060 711 3127 principes,
735 3067 763 3112 et
782 3077 846 3113 sans
864 3059 991 3126 negliger
1009 3061 1050 3113 ies
1068 3063 1186 3112 beautez
1205 3061 1241 3110 du
1260 3062 1323 3113 lan·

172 3158 244 3207 gage
264 3149 292 3194 et
309 3143 335 3194 le
354 3149 415 3195 tour
432 3145 468 3194 dn
487 3144 627 3210 dialogue‚
647 3161 676 3195 se
694 3145 824 3214 rempiira
841 3146 948 3211 l'esprit
966 3145 1002 3195 dn
1020 3144 1086 3211 plan
1098 3152 1158 3196 tout
1175 3147 1269 3196 entier
1287 3148 1323 3199 de

171 3242 203 3276 sa
221 3227 391 3293 disiectique
409 3245 444 3280 ou
463 3229 496 3279 de
515 3244 546 3280 aa
559 3229 676 3292 morale;
695 3230 793 3282 l'autre
810 3232 950 3281 n'entrera
963 3246 1015 3297 que
1035 3230 1104 3281 dans
1116 3246 1147 3282 ee
1161 3230 1227 3296 qu’il
1243 3237 1324 3283 trou-

172 3327 239 3362 vera
258 3310 292 3362 de
310 3312 373 3378 plus
392 3311 465 3379 eisd,
488 3313 508 3363 il
527 3330 562 3365 en
579 3314 699 3365 choisira
718 3315 766 3366 dea
783 3317 878 3379 traits,
903 3320 931 3366 et
949 3314 1058 3381 l’esprit
1074 3315 1150 3380 plein
1171 3315 1219 3365 des
1237 3332 1323 3381 gran·

174 3394 223 3447 des
245 3397 361 3447 beantes
386 3397 544 3462 qu’ilanra
568 3397 756 3463 remarquries,
779 3402 836 3450 soit
859 3400 929 3450 dans
950 3399 992 3449 les
1014 3399 1142 3464 exardes,
1171 3399 1225 3450 soit
1249 3401 1324 3453 dans

173 3481 293 3531 certaina
315 3481 438 3533 endroits
460 3483 522 3548 plus
544 3484 689 3552 transilias
712 3500 764 3549 que
786 3484 828 3536 les
851 3490 958 3547 autres,
981 3484 1001 3534 il
1023 3501 1058 3534 ne
1077 3484 1193 3536 laissera
1214 3501 1267 3550 pas
1287 3487 1324 3538 de

173 3565 232 3616 dire
251 3564 301 3616 des
320 3565 418 3617 choses
436 3569 483 3634 qui
500 3569 589 3634 parmi
604 3566 647 3618 les
665 3583 733 3634 gens
751 3569 786 3618 du
805 3569 901 3620 monde
920 3568 947 3619 le
966 3570 1058 3619 ferunt
1081 3584 1179 3633 passer
1196 3584 1266 3635 pour
1284 3588 1324 3622 un

172 3650 279 3700 homme
297 3648 378 3702 versd
394 3651 463 3703 dans
481 3652 508 3703 la
526 3653 698 3719 philosophie
717 3653 765 3702 des
783 3655 910 3718 enciens,
929 3653 997 3704 mais
1016 3656 1062 3719 qui
1079 3656 1168 3718 parmi
1185 3654 1226 3706 les
1244 3657 1324 3706 araia

172 3740 303 3799 scavanis
322 3751 357 3786 ne
375 3735 401 3786 le
420 3738 513 3787 ferent
530 3751 626 3802 passer
644 3752 697 3802 que
720 3753 788 3802 pour
805 3754 842 3788 un
860 3739 967 3789 homme
986 3738 1022 3788 du
1041 3738 1138 3789 monde
1162 3740 1209 3803 qui
1227 3756 1244 3790 a
1264 3743 1324 3806 pris

172 3837 225 3871 une
242 3821 363 3872 teinture
382 3822 414 3872 de
433 3821 641 3888 philosophie.“
1123 3810 1126 3818 ⁵

240 3907 268 3968 2)
290 3907 333 3956 Ad
354 3907 488 3961 Herodot.
511 3923 537 3972 p.
559 3909 618 3958 243.
658 3909 747 3971 Quum
773 3906 844 3959 alios
871 3909 905 3959 de
928 3908 1051 3960 Socratis
1073 3907 1215 3974 palaestra
1242 3908 1323 3974 dicit,

174 3989 311 4054 significat
337 3991 514 4056 Aeschinem,
542 3991 749 4055 Antisthenem,
781 3993 970 4055 Phaedonem,
997 3993 1182 4059 Aristippum,
1210 3993 1325 4046 seilicet

173 4074 311 4124 Athenaei
329 4080 356 4125 et
372 4074 506 4142 Diogenis
524 4076 642 4127 fabellas
659 4077 732 4127 hona
750 4076 804 4128 fide
822 4082 943 4128 secutus.
978 4077 1051 4127 Sane
1070 4078 1163 4141 Plato,
1187 4085 1324 4142 quantum

175 4160 274 4209 ceteris
298 4161 458 4224 praestabat
479 4161 667 4228 philosophis,
690 4167 769 4212 tanto
794 4177 842 4213 eos
864 4162 938 4211 inira
956 4177 985 4212 se
1004 4163 1112 4228 positos
1128 4167 1243 4227 putasse
1263 4180 1325 4215 cre·

175 4242 280 4294 dendus
297 4250 353 4295 esta
370 4245 419 4296 sed
438 4246 513 4297 iusta
530 4245 601 4298 haec
619 4253 663 4298 est
681 4247 840 4298 aestimatio
858 4249 915 4309 sui,
934 4262 988 4297 non
1006 4249 1180 4313 arrogantia,
1204 4263 1259 4298 non
1279 4265 1326 4300 su·

174 4329 286 4394 perbis,
304 4345 359 4380 non
377 4329 450 4381 mala
466 4330 583 4381 invidia.

242 4413 438 4480 namn
