2866 4912
652 184 803 280 wli..-

158 390 281 458 diserte,
311 389 399 466 idque
427 391 521 463 serio,
552 407 610 450 non
639 388 767 461 ludicre,
797 396 830 450 ut
857 389 939 451 Plato
968 388 1059 460 solet,
1088 391 1216 467 ideoque
1245 398 1311 451 tum

158 517 280 560 necesse
303 507 349 560 est
370 500 459 561 luerit
480 500 537 560 iam
561 499 748 561 adolescens:
772 499 848 579 quod
873 519 942 561 uero
964 502 994 560 iu
1018 518 1115 580 pugna
1138 501 1173 562 ad
1190 498 1311 561 Delium

159 609 204 671 Ol.
227 608 383 680 LXXXIX,
410 607 425 669 1
456 626 546 689 eqrres
569 609 678 671 dicitur
701 608 840 671 militasse
850 607 884 687 ¹),
908 610 977 671 inde
1001 610 1202 673 Schneideros
1225 618 1312 670 recte

159 719 284 798 colligit,
314 720 463 781 Aristione
486 721 628 781 archonte
651 720 876 800 Xenophontem
899 730 981 781 certe
1003 722 1122 782 tertium
1146 730 1176 781 et
1198 722 1312 798 utgesi·

159 849 238 891 mom
268 833 365 910 egisse
392 847 519 900 annum,
547 830 636 909 idque
665 833 815 911 conspirat
848 831 911 891 lere
938 850 1006 891 cum
1036 832 1143 893 ceteris
1172 833 1311 892 testimo·

159 937 255 1019 ntis2).
301 939 409 1011 Quidni
431 941 523 1018 igitur
546 940 726 1021 Xenophon,
754 944 783 1002 in
807 942 953 1020 fingendis
976 942 1011 1001 ad
1035 941 1193 1003 arbitrium
1214 941 1312 1003 rehus

158 1051 249 1113 multo
273 1068 361 1128 quam
383 1049 466 1111 Plato
488 1053 620 1131 parcior,
644 1062 694 1113 aut
715 1070 806 1131 quum
829 1052 937 1114 Calliae
960 1054 1117 1115 interesset
1137 1054 1310 1133 Symposio,

159 1170 208 1222 aut
233 1160 290 1221 alio
319 1169 454 1240 tempore
477 1161 628 1224 Socratem
659 1162 735 1224 dicta
764 1162 908 1243 quaedam
936 1164 1111 1234 Pausaniae,
1142 1162 1310 1224 masculum

159 1290 291 1334 amorem
315 1269 414 1332 multis
435 1271 642 1350 praesentibus
664 1272 866 1344 defendentis,
889 1274 1068 1335 referentem
1091 1270 1310 1350 etimprohan·

159 1392 219 1444 tem
242 1382 402 1451 audiverit,
426 1380 574 1460 verbaque
592 1385 724 1460 magistri
746 1383 892 1445 rettulerit
913 1386 943 1444 in
959 1382 1165 1463 symposium?
1197 1381 1259 1442 lam
1283 1382 1311 1441 si

159 1492 342 1554 Platonicum
372 1490 542 1553 Conuiuium
575 1501 643 1571 post
674 1493 786 1555 editum
818 1494 1065 1573 Xenophonteum
1099 1500 1144 1554 est
1175 1492 1310 1552 conscri-

160 1612 257 1684 ptum,
288 1602 386 1673 Plato,
415 1620 471 1680 qua
501 1605 594 1664 utitur
615 1601 749 1675 licentia,
780 1622 855 1682 quae
877 1605 1051 1665 Pausaniam
1075 1603 1184 1664 dixisse
1206 1601 1309 1663 Xeno-

160 1715 240 1794 phon
264 1714 365 1781 docet,
395 1713 425 1771 in
448 1712 576 1775 Phaedri
599 1717 694 1793 potuit
716 1717 880 1776 oradonem
904 1716 1081 1785 transferre;
1110 1730 1184 1791 quae
1207 1719 1310 1772 autem

160 1826 297 1885 Socrates
318 1813 553 1901 Xenophonteus
575 1824 612 1884 ad
635 1824 824 1887 refutandum
848 1826 1021 1887 Pausaniam
1044 1825 1178 1892 disserit,
1212 1842 1246 1883 ea
1277 1825 1310 1883 in

116 1942 147 1990 to
162 1929 324 1996 Pausaniae
340 1932 475 1992 oratIone
489 1931 573 1993 Plato
589 1934 703 1996 videtur
719 1938 861 2006 variasse,
878 1935 1084 2016 amplificasse,
1102 1953 1175 1996 nova
1192 1933 1310 1995 ratione

161 2043 353 2120 uberiorique
376 2043 487 2119 ingenii
510 2061 583 2104 aena
606 2063 774 2107 exornasse.
819 2046 912 2125 Igitur
939 2045 976 2108 ab
1005 2045 1060 2107 hac
1083 2062 1199 2126 quoque
1221 2051 1310 2123 parte

162 2173 221 2215 non
251 2160 296 2214 est
323 2151 401 2232 quod
425 2151 671 2233 Xenophontcum
695 2156 883 2235 Symposmm
911 2159 1063 2217 rocentIus
1089 2158 1127 2216 sit
1155 2154 1309 2215 Platonico

162 2263 346 2326 habendum:
377 2261 534 2325 simultatis
561 2283 631 2327 vero
658 2269 718 2328 sire
746 2266 879 2328 occultae
907 2268 967 2330 sive
994 2276 1113 2346 apertae
1136 2285 1173 2327 nc
1195 2263 1310 2325 levissi-

161 2395 241 2437 mum
264 2374 380 2452 quidem
405 2373 474 2435 hinc
496 2377 561 2456 capi
583 2376 654 2439 licet
675 2377 825 2439 iudicium.

245 2485 400 2546 Praeterea
429 2485 590 2548 Carnarius
617 2490 648 2549 ln
675 2487 731 2550 hoc
761 2488 874 2549 Platoni
902 2488 1128 2569 Xenophontem
1157 2485 1228 2547 dicit
1255 2485 1310 2546 ad-

162 2604 310 2658 versatum
339 2614 417 2665 esse,
447 2596 525 2672 qood
555 2596 683 2658 Achilles
705 2596 832 2659 Patrocli
858 2598 990 2660 defuncti
1019 2617 1079 2659 non
1107 2596 1187 2658 velot
1217 2599 1309 2657 amati

162 2705 326 2784 quondam,
355 2704 407 2764 sed
437 2714 468 2764 ut
491 2707 575 2767 amici
598 2706 739 2769 ultionem
762 2709 924 2769 instituerit
945 2709 1197 2770 decentissimam:
1227 2707 1308 2786 apud

162 2815 314 2876 Platonem
343 2832 413 2874 vero
440 2822 503 2875 tum
525 2814 654 2878 Achilles
682 2817 810 2879 Patrocli
839 2828 953 2881 amatos
981 2830 1039 2890 cst,
1069 2827 1132 2892 tom
1160 2817 1310 2878 refutatur

162 2924 324 3004 Aeschylos
347 2925 514 2988 Patroclum
536 2927 574 2988 ab
595 2926 709 2989 Achille
732 2937 861 2991 amatum
890 2931 979 2991 luisse
1002 2931 1181 2991 exisIImans.
1227 2928 1310 2988 llaec

162 3036 263 3116 paucis
278 3046 402 3114 possunt
417 3038 520 3100 relelli.
536 3038 701 3119 Xenophon
718 3057 904 3103 communem
920 3041 1095 3102 sententIam
1112 3039 1149 3100 ab
1164 3035 1309 3116 Aeschylo

162 3162 353 3235 propagatam
389 3149 614 3233 reprehendens
647 3158 735 3229 negat
768 3151 844 3231 apud
872 3150 1034 3212 Homerum
1064 3149 1205 3212 Achillem
1239 3167 1309 3209 esse

162 3263 289 3326 Patrocli
312 3271 487 3332 amatorem,
512 3259 563 3322 sed
588 3260 728 3341 amicum:
751 3259 919 3323 PlatonIcus
942 3280 1011 3322 vero
1026 3260 1194 3329 Phaedrus,
1218 3278 1308 3338 qoem

162 3395 178 3437 a
201 3375 322 3436 Platone
350 3377 415 3455 Ipso
444 3371 538 3453 probe
566 3370 730 3449 distinguas
752 3370 854 3442 velim,
883 3391 939 3451 pro
966 3371 1080 3432 consilii
1108 3371 1223 3432 ratione
1247 3387 1307 3429 non

162 3487 334 3556 audcitiam,
357 3485 409 3546 sed
432 3501 563 3543 amorem
579 3483 732 3559 utrIusque
755 3483 853 3560 lingit:
877 3491 1066 3550 nontamen,
1090 3488 1122 3541 ut
1144 3479 1310 3541 tradiderat

162 3596 336 3677 Aeschylus,
360 3593 488 3656 Patrocli
510 3611 612 3654 amore
634 3599 750 3673 captum
766 3590 924 3662 Achillem,
949 3592 999 3653 sed
1022 3591 1111 3652 huius
1131 3589 1213 3652 illum
1236 3609 1307 3651 con-

162 3707 265 3769 tendit.
296 3706 356 3767 lam
379 3707 404 3766 si
426 3703 592 3784 Xenophon
616 3702 744 3763 Platonis
767 3703 953 3784 Symposium
976 3709 1043 3763 ante
1066 3702 1169 3763 oculos
1191 3700 1306 3771 habuit,

162 3837 221 3879 non
245 3816 396 3878 Platonem
420 3815 555 3893 corrigit,
580 3812 632 3873 scd
656 3812 823 3875 Phaedrum
838 3814 1036 3875 Platonicum:
1060 3815 1106 3873 siu
1122 3812 1204 3872 Plato
1227 3809 1306 3888 lege-

162 3935 209 3987 rat
230 3926 490 4007 Xenophonteum,
515 3933 672 4001 antequam
695 3923 731 3984 ad
755 3942 839 3985 suum
863 3943 929 3986 sese
952 3923 1103 3984 conterret
1119 3920 1306 4002 Symposium

232 4208 258 4273 l)
276 4208 358 4273 Diog.
377 4208 410 4260 L.
428 4202 469 4270 11,
488 4206 529 4257 22.
548 4205 589 4258 23.
627 4204 717 4258 Strab.
734 4205 786 4266 IX,
805 4222 831 4271 p.
849 4207 899 4256 408
916 4203 971 4272 [ed.
991 4197 1132 4271 Oasaub.].

231 4293 258 4357 2)
277 4288 435 4342 Schneider.
460 4289 496 4339 ad
519 4289 633 4341 Conviv.
657 4306 683 4355 p.
704 4291 761 4344 138.
785 4293 841 4341 139.
865 4289 958 4343 Praei.
980 4288 1090 4343 Hellen.
1113 4305 1140 4353 p.
1160 4288 1214 4339 XII
1237 4291 1307 4340 nott.

164 4374 200 4430 ad
218 4375 447 4438 Conviv.1V,25,
467 4374 513 4423 ubi
531 4388 566 4422 ex
579 4375 658 4423 Mem.
672 4375 694 4437 Ι,
712 4377 738 4439 3,
756 4375 773 4428 8
790 4379 819 4425 et
830 4373 879 4440 IV,
892 4375 947 4438 hh
965 4378 1159 4439 computantur
1176 4373 1308 4425 rationes.
