2866 4912
624 262 774 364 „ffl-

211 474 355 555 Superest
377 479 408 534 ut
430 472 467 534 de
490 470 611 552 epistola
626 473 846 554 Xenophontis,
871 493 946 554 quae
968 475 999 537 in
1022 471 1077 537 hac
1092 493 1179 537 causa
1194 472 1269 536 solet

127 585 241 654 allerri,
266 579 360 645 trihus
381 583 513 644 dicamus
535 583 641 645 verbis.
685 585 753 645 Fuit
775 584 893 665 quidam
916 584 1029 656 llolon,
1055 584 1268 665 Aristophanis,

127 703 158 754 ut
181 695 309 764 ridetur,
334 702 363 755 et
377 692 508 755 Platonis
530 694 675 773 aequalis,
699 696 749 775 qui
765 693 896 773 Diogene
911 695 1029 757 Laertio
1052 703 1125 757 teste
1140 695 1270 756 Platonis

127 807 158 864 io
174 803 274 865 Sicilia
296 789 560 865 commorationem
576 806 805 882 vituperaverat:
826 797 925 866 Ἀλλά
946 825 998 867 τοι
1013 802 1154 885 Μόλων,
1176 807 1271 883 inquit

128 914 277 994 Laertius,
300 908 457 993 ἀπεχθῶς
479 912 565 994 ἔχων
587 909 671 995 πρὸς
693 908 814 994 αὐτόν,
840 907 891 976 Od
913 913 1029 995 τοῦτο,
1058 915 1159 997 φησί,
1180 918 1271 976 θαυ-

128 1020 271 1105 μαστόν,
297 1022 328 1085 εί
340 1021 522 1096 Διονύσιος
545 1019 583 1085 ἐν
598 1024 777 1110 Κορίνθῳ,
800 1018 875 1087 ἀλλ’
900 1024 931 1087 εί
943 1020 1090 1087 Πλάτων
1112 1020 1151 1086 ἐν
1166 1027 1272 1086 Σικε-

128 1135 182 1218 tta
191 1135 220 1214 ¹).
252 1136 354 1198 Simile
370 1135 509 1215 Diogenis
524 1136 625 1215 Cynici
639 1135 750 1197 dictum
767 1137 895 1198 relertur
911 1135 947 1197 ab
963 1137 1067 1198 eodem
1082 1133 1267 1216 scriptorelt.
1284 1149 1316 1196 32

128 1246 204 1306 Tum
220 1245 277 1306 hoc
294 1254 354 1307 tum
371 1244 515 1327 quaedam
532 1245 569 1306 de
585 1245 789 1327 Xenophontis
806 1255 836 1307 et
849 1246 980 1307 Platonis
995 1246 1160 1316 simultate,
1182 1264 1271 1326 quam

128 1357 292 1418 istiusmodi
314 1355 510 1436 scriptoribus
525 1357 661 1436 inprimis
676 1355 823 1437 placuisse
838 1366 1069 1419 consentaneum
1089 1354 1172 1436 esti),
1196 1358 1271 1417 arri·

128 1469 193 1547 pult
215 1469 317 1528 nescio
340 1468 406 1545 quis
428 1467 561 1546 sophista
583 1466 701 1528 infimae
724 1475 827 1537 notae,
851 1468 903 1546 qui
923 1467 1128 1548 Xenophontis
1151 1469 1272 1528 nourine

129 1579 213 1638 hrrxit
233 1576 347 1639 litteras
368 1578 569 1656 ineptissimas
591 1576 626 1638 ad
649 1578 825 1640 Aeschinem
849 1580 1032 1640 Socraticum
1041 1577 1079 1656 ⁴),
1110 1581 1141 1638 io
1164 1577 1272 1657 quibus

129 1687 219 1749 multa
244 1706 279 1747 ex
301 1686 542 1750 llemorabilihus
565 1688 719 1768 desumpta
742 1690 929 1769 disputantur
958 1689 1100 1750 adversus
1123 1706 1188 1758 eoa,
1220 1690 1272 1768 qui

130 1805 231 1860 contra
253 1799 384 1859 Socratis
407 1817 521 1860 morem
544 1799 581 1858 de
604 1801 734 1859 omnium
757 1818 873 1876 rerum,
898 1800 1077 1870 divinarum,
1100 1797 1272 1860 caelestium

130 1909 384 1988 humanarumque
419 1922 521 1970 natura
555 1909 711 1971 disserant.
765 1910 924 1971 Praeterea
956 1928 1026 1971 vero
1057 1909 1130 1970 haec
1162 1908 1274 1969 hahent

132 2019 232 2080 verba:
268 2013 312 2080 Τό
335 2015 372 2079 δὲ
395 2013 500 2080 καλὸν
521 2014 604 2101 ἄρα,
627 2015 802 2099 Αἰγύπτου
824 2016 890 2102 γὰρ
910 2012 1115 2102 ἠράσθησαν
1136 2014 1193 2079 καί
1214 2018 1274 2097 τῆς

130 2123 340 2210 Πυθαγόρου
363 2123 572 2211 τερατώδονς
594 2131 734 2210 σοφίας,
762 2116 812 2191 ὦν
838 2125 876 2190 τὸ
904 2124 1061 2212 περιττὸν
1088 2128 1144 2192 καί
1169 2122 1273 2210 τὸμὴ
1375 2209 1376 2212 ¹

130 2232 275 2319 μόνιμον
291 2234 346 2299 ἐπὶ
362 2235 537 2320 Σωκράτει
550 2232 687 2319 ἤλεγξεν
703 2239 786 2319 ἔρως
800 2237 1004 2320 τυραννίδος
1018 2236 1074 2300 καί
1090 2232 1165 2300 οίντί
1181 2238 1274 2319 λιτῆς

132 2347 259 2427 διαίτης
282 2348 479 2420 laustinus
499 2343 643 2429 γαστρὸς
664 2342 811 2429 ἀμέτρου
834 2345 990 2429 τράπεζαι
1021 2368 1098 2428 quae
1121 2348 1273 2410 Platonem

133 2468 268 2538 spectare
291 2466 320 2519 et
342 2459 436 2535 quiris
459 2457 537 2518 ridet
558 2467 587 2519 et
609 2459 792 2520 contendunt
811 2458 956 2521 Eusebius
978 2477 1012 2520 ac
1027 2457 1273 2536 Theodoretus5).

131 2569 212 2630 llace
234 2576 331 2629 autem
361 2566 485 2647 epistola
514 2569 647 2646 ignorata
675 2579 719 2630 est
741 2589 757 2631 a
779 2571 981 2649 grammaticis
1003 2569 1155 2639 omnihus,
1185 2569 1274 2630 Athe·

133 2698 221 2750 naeo,
245 2679 391 2758 Diogene,
415 2676 511 2739 Gellio
534 2696 696 2757 eorumque
719 2680 903 2750 auctoribus,
934 2683 985 2759 qui
1007 2698 1072 2742 eam
1095 2682 1121 2742 si
1142 2690 1273 2751 nossent,

133 2808 191 2850 non
215 2788 298 2849 obliti
321 2797 420 2850 essent
440 2799 500 2850 tam
523 2807 642 2868 gravem
665 2792 793 2852 excitare
816 2800 932 2851 testem.
962 2789 1033 2852 Post
1055 2791 1161 2852 horum
1184 2793 1275 2871 igitur

132 2908 274 2970 aetatem,
298 2918 390 2980 quum
413 2899 450 2960 de
472 2901 528 2961 ista
549 2901 696 2962 simultate
712 2910 862 2963 constaret
882 2904 940 2962 iam
955 2903 1155 2981 grammaticis
1173 2901 1273 2980 sophi·

133 3013 261 3090 alisque,
285 3012 369 3072 llatae
391 3010 448 3072 hae
463 3009 593 3082 litterae,
618 3010 654 3071 ah
677 3011 804 3073 Eusebio
827 3020 856 3073 et
879 3012 988 3074 loanne
1003 3010 1131 3074 Stohaeo
1154 3013 1274 3074 demum

133 3129 204 3182 sunt
226 3119 330 3181 lectae.
360 3121 518 3183 Praeterea
533 3123 612 3182 iuter
627 3121 765 3202 epistolas
781 3123 998 3184 Socraticorum
1022 3142 1038 3184 a
1054 3123 1154 3184 Leone
1169 3122 1274 3185 Allatio

133 3232 226 3293 editas
247 3233 278 3291 in
301 3232 404 3310 quinta
422 3231 537 3295 decima
552 3232 718 3311 Xenophon
741 3232 933 3312 reprehendit
948 3232 1115 3304 Platonem,
1139 3233 1193 3294 sed
1215 3243 1274 3294 tam

202 3443 227 3507 t)
246 3444 327 3510 Diog.
346 3444 379 3497 L.
396 3443 454 3507 111,
473 3446 507 3495 34
524 3450 554 3495 et
572 3445 610 3495 ibi
629 3447 739 3512 Menag.

201 3529 228 3591 2)
248 3529 280 3580 V.
300 3529 380 3594 Diog.
399 3529 432 3578 1..
452 3529 504 3591 Vl,
522 3531 564 3580 25.

200 3613 227 3677 3)
245 3613 308 3663 Ηοο
326 3613 467 3678 pertinent
485 3629 555 3678 quae
574 3613 641 3664 dicit
659 3615 828 3666 Themistius
847 3616 893 3671 Or.
913 3615 1014 3668 XXIII.
1033 3632 1060 3681 p.
1078 3619 1128 3668 285
1146 3614 1177 3668 C.
1196 3607 1275 3666 ntei-

134 3712 223 3755 τωνος
242 3692 276 3748 dh
295 3689 330 3748 οὖ
353 3692 435 3763 μέχρι
459 3695 512 3747 νῦν
535 3696 716 3766 καταβοῶσιν
738 3692 776 3760 ὡς
799 3697 859 3765 τρίς
877 3694 1055 3760 πλεύσαντος
1074 3695 1117 3760 είς
1135 3698 1277 3752 Σικελίαν

134 3773 181 3832 lut
202 3772 327 3848 χρήμασι
345 3781 396 3833 καί
415 3778 552 3848 τραπὲζμ,·

200 3865 227 3929 4)
246 3866 297 3932 Ap.
315 3866 393 3917 Stob.
413 3865 498 3918 Serm.
518 3868 670 3921 LXXVIII.
691 3887 715 3936 p.
733 3872 792 3921 tot.
811 3868 919 3934 [Ploril.
938 3869 1054 3932 LXXX,
1073 3866 1123 3934 ta]

202 3950 228 4010 ὁ)
247 3951 347 4004 Euseh.
366 3951 464 4018 Praep.
485 3968 584 4017 evang.
602 3951 675 4013 XIV,
696 3956 736 4006 12.
756 3970 781 4019 p.
802 3955 860 4004 745.
892 3952 1058 4004 Theodorei.
1077 3952 1123 4006 Gr.
1143 3953 1194 4004 Aa.
1214 3954 1276 4006 Cur.

135 4034 162 4084 lI
183 4029 266 4100 [Opp.
284 4035 316 4085 Τ.
336 4031 401 4102 lV],
421 4052 446 4101 p.
465 4038 515 4087 734
534 4037 576 4086 ed.
594 4036 703 4087 Schola.
724 4044 752 4087 et
769 4037 834 4097 XII,
855 4054 882 4102 p.
903 4039 976 4088 1032.
1006 4036 1134 4089 Ceterum
1151 4053 1222 4103 quae
1241 4039 1275 4090 de

135 4118 234 4169 Siculis
252 4120 354 4170 mensis
373 4119 502 4171 dicuntur
522 4122 550 4170 in
568 4123 630 4172 istis
643 4120 756 4184 litteris,
776 4136 810 4170 ex
828 4121 889 4186 ipso
908 4123 1034 4173 videntur
1045 4123 1162 4174 Platone
1178 4125 1276 4188 petita.

136 4205 167 4253 V.
185 4206 273 4270 Epist.
294 4205 358 4267 Vll,
378 4222 403 4270 p.
422 4207 472 4256 326
491 4205 522 4254 Β.
542 4206 610 4270 Rep.
628 4204 684 4264 IlI,
703 4220 728 4269 p.
746 4207 798 4257 404
816 4205 850 4255 D.
875 4206 913 4256 cf
937 4206 996 4258 Cic.
1010 4208 1091 4261 'l'usc
1105 4209 1138 4271 V,
1157 4210 1203 4272 35,
1219 4212 1275 4261 100.

135 4288 220 4339 Clam.
241 4290 318 4341 Alex.
339 4288 496 4355 Paedagog.
510 4288 547 4351 11,
563 4293 574 4339 l
595 4284 955 4358 p.os.12.[ed.Sytturg.]
978 4290 1130 4360 Septimam
1148 4292 1274 4343 Platonis

135 4372 281 4438 epistolam
298 4374 447 4424 etiamnum
466 4387 567 4423 censeo
585 4389 751 4439 germanam.
780 4373 893 4440 [Postea
910 4381 1004 4428 tamen
1023 4378 1161 4429 concessit
1178 4382 1278 4428 auctor

136 4460 207 4509 hanc
226 4475 334 4524 quoque
353 4456 500 4523 epistolam
520 4473 581 4509 esse
599 4459 829 4527 suppositirimnl
