2866 4912
684 248 705 311 3

622 337 775 345 *—

128 453 305 534 discipulum
328 453 542 522 Xenocratem,
570 453 649 514 hunc
671 452 708 514 ab
730 451 782 512 illo
804 451 955 514 abstraxit.
1000 453 1080 514 Idem
1104 453 1270 533 deprehen·

128 583 179 624 sus
201 564 296 625 estid
320 581 423 642 agere,
447 570 480 624 ut
494 561 645 624 Phaedoni
667 564 749 625 litem
765 563 948 631 intenderet,
973 581 1031 640 qua
1052 566 1082 624 in
1097 566 1269 625 servitutem

128 675 177 735 ille
200 673 297 735 denuo
321 673 546 743 detruderetur,
569 675 749 753 omninoque
772 675 803 734 in
825 692 930 734 omnes
952 674 1084 735 Socratis
1107 673 1270 754 discipulos

129 802 273 846 novercae
300 783 403 845 hahuit
429 786 570 846 animum.
621 781 720 852 Quare
749 785 836 845 etiam
866 784 1020 854 Socrates,
1055 796 1135 847 recte
1169 784 1205 844 dc
1234 804 1270 845 eo

128 897 312 964 coniectans,
340 894 547 975 praesentibus
570 893 671 956 multis
693 893 772 955 haud
793 893 915 974 illepide
937 895 1067 965 dixerat,
1097 897 1189 956 visum
1213 895 1272 955 sihi

129 1026 184 1086 per
212 1007 395 1067 insomnium
423 1006 594 1077 Platonem,
628 1006 657 1066 in
686 1006 836 1065 cornicem
867 1012 1031 1081 mutatum,
1065 1004 1148 1066 calvo
1181 1007 1271 1085 capiti

128 1117 280 1179 insiluisse
302 1117 393 1194 idque
415 1115 632 1195 perfodientem
659 1123 689 1175 et
710 1116 834 1175 tirmiter
861 1117 918 1194 ipsi
940 1115 1118 1177 insidentem
1142 1117 1268 1177 circum·
1291 1123 1307 1171 a

130 1229 208 1289 circa
230 1235 448 1307 prospectasse.
485 1224 583 1296 Quare
607 1226 757 1296 existimo,
781 1227 893 1305 inquit,
917 1227 1009 1287 multa
1031 1233 1075 1296 te,
1098 1224 1197 1297 Plato,
1221 1226 1272 1286 ad-

131 1356 234 1399 versus
254 1346 342 1417 caput
365 1355 463 1398 meum
487 1355 553 1398 esse
576 1338 781 1404 mentiturum.
812 1336 884 1398 Erat
905 1355 975 1397 vero
997 1335 1080 1398 Plato
1103 1355 1163 1397 non
1181 1337 1272 1398 male-

129 1447 213 1509 volus
235 1447 346 1515 solum,
371 1466 473 1508 verum
497 1449 586 1509 etiam
609 1446 720 1525 gloriae
737 1447 876 1527 cupidus:
899 1449 926 1508 is
949 1449 999 1525 qui
1014 1448 1142 1508 dixerat:
1167 1448 1271 1508 Extre-

130 1577 208 1620 mam
239 1559 383 1632 tuuicam‚
417 1556 530 1636 gloriae
558 1557 765 1637 cupiditatem,
800 1560 830 1619 in
863 1559 927 1637 ipsa
961 1565 1056 1619 morte
1085 1557 1271 1637 deponimus,
1412 1643 1413 1647 Ἰ

130 1670 160 1729 in
178 1669 378 1739 testamentis,
401 1670 432 1728 in
448 1670 612 1748 exsequiis,
629 1670 660 1728 in
678 1667 881 1748 sepulcrorum
898 1670 1113 1737 monumentis,
1136 1676 1169 1729 ut
1185 1668 1274 1729 tradit
1354 1695 1359 1701 ·

132 1779 319 1840 Dioscorides
347 1779 376 1838 in
399 1777 682 1840 Memorabilihus.“
726 1779 791 1840 Alio
813 1777 955 1840 Athenaei
983 1776 1049 1840 loco
1060 1777 1080 1857 ¹)
1104 1778 1272 1859 Theopom-

131 1908 187 1968 pus
210 1889 314 1958 Chius,
339 1890 388 1966 qui
410 1888 520 1951 lihrum
544 1890 678 1950 ediderat
699 1897 802 1951 eontra
818 1888 947 1950 Platonis
969 1888 1117 1966 scholam,
1139 1889 1272 1951 Platonis

131 1998 262 2077 dialogos
284 1997 404 2059 inutiles
421 1997 580 2079 plerosque
603 2008 631 2059 et
654 1999 813 2059 mendaces
828 1998 913 2068 dicit,
937 2000 1141 2077 maioremque
1158 2008 1272 2079 partem

131 2108 258 2178 alienos,
283 2108 454 2187 desumptus
478 2111 584 2189 partim
609 2127 644 2169 ex
667 2110 808 2188 Aristippi
832 2107 1024 2178 lectionibus,
1055 2109 1214 2171 nonnullos
1237 2129 1273 2170 ex

131 2219 327 2288 Antisthenis,
357 2218 467 2279 multos
495 2238 532 2278 ex
558 2220 701 2296 Brysoriis
728 2218 931 2280 Heracleotae.
975 2219 1030 2280 Alii
1059 2219 1115 2280 alla
1143 2221 1170 2280 ei
1199 2220 1273 2281 ohii·

132 2331 214 2389 ciunt
235 2331 324 2389 lurta.
369 2329 410 2387 Ac
439 2327 538 2407 paullo
568 2324 666 2404 ante²l
696 2327 774 2387 idem
799 2328 1061 2408 Deipuosophista:
1098 2329 1273 2408 „liegesan

133 2438 186 2498 der
209 2455 279 2497 vero
295 2435 472 2515 Delphensis
487 2438 517 2496 in
534 2437 775 2505 Commentariis,
799 2434 852 2495 uhi
867 2436 904 2496 de
919 2437 969 2496 illa
984 2436 1115 2499 Platonis
1131 2439 1275 2529 adversus

134 2565 237 2608 omnes
259 2544 464 2607 malevolentia
487 2545 631 2625 disputat,
661 2547 747 2606 etiam
770 2545 827 2606 hoc
848 2547 984 2625 scripsit,
1016 2557 1083 2626 post
1104 2547 1234 2610 Socratis
1258 2567 1274 2608 e

132 2659 206 2719 viris
228 2657 408 2739 discessum,
431 2675 522 2735 qurrm
546 2654 707 2717 lamiliares
729 2658 793 2717 eius
814 2657 845 2716 in
868 2656 1002 2716 convivio
1024 2656 1151 2736 quodam
1172 2660 1275 2720 tristes

132 2765 291 2829 admodum
315 2774 430 2836 essent,
453 2766 606 2828 Platonem
629 2784 720 2827 unum
744 2766 920 2836 econvivis,
944 2774 1064 2846 sumpto
1079 2745 1185 2847 poculo
1203 2768 1273 2829 hor·

132 2886 224 2939 tatum
249 2897 300 2938 eos
323 2896 403 2952 esse,
428 2895 464 2937 ne
487 2876 679 2939 demitterent
694 2879 822 2947 animos,
845 2895 877 2938 sc
900 2879 979 2939 enim
1003 2876 1046 2937 vel
1069 2877 1163 2938 solum
1187 2897 1274 2959 posse

132 2987 252 3049 scholae
275 3005 431 3067 praeesse,
461 2994 549 3065 atque
577 2990 616 3048 ita
640 2990 815 3068 propinasse
837 2987 1016 3067 Apollodoro
1044 2989 1193 3067 poculum.
1238 2992 1275 3051 At

132 3098 231 3169 illum,
254 3096 399 3159 libentius
419 3118 466 3167 se,
490 3098 613 3169 dixisse,
643 3118 660 3159 a
683 3100 805 3160 Socrate
828 3099 943 3160 cicutae
965 3106 1157 3178 accepturum
1181 3101 1274 3161 luisse

133 3209 271 3276 calicem,
301 3226 388 3287 quam
416 3209 503 3269 istam
531 3207 692 3270 aPlatone
713 3210 961 3289 propinationem.
1006 3208 1087 3270 llaec
1109 3211 1222 3279 omnia,
1249 3212 1274 3270 si

133 3327 215 3380 recte
237 3318 365 3379 coniecit
387 3336 518 3397 nuperus
532 3317 676 3381 Athenaei
699 3315 839 3400 editor3),
863 3321 1025 3380 corrasisse
1048 3318 1163 3381 videtur
1178 3319 1274 3398 Hege-

133 3429 251 3498 sander,
274 3429 325 3507 qui
348 3429 419 3489 vixit
441 3436 509 3508 post
530 3430 708 3507 Antigonum
732 3430 914 3507 Gonnatam‚
941 3431 1006 3490 sinc
1030 3429 1138 3490 iudicio
1161 3428 1272 3491 dictum

133 3540 265 3602 Platonis
288 3539 470 3609 Dioscoridi,
498 3538 635 3600 isocratis
662 3539 807 3620 discipulo
817 3538 855 3619 ⁴),
884 3547 1164 3610 commemoratum,
1194 3539 1273 3616 quod

134 3658 164 3710 et
185 3651 369 3712 verissimum
394 3655 439 3709 est
468 3659 497 3711 et
524 3651 763 3728 ingeniosissime
789 3651 1028 3730 pronuntiatum,
1058 3651 1128 3710 vitio
1157 3657 1275 3710 vertens

133 3759 325 3840 philosopho,
349 3767 378 3820 et
399 3759 486 3820 lldem
510 3758 623 3821 hahens
644 3759 838 3841 Theopompo
862 3759 948 3830 Chio,
972 3761 1104 3821 omnium
1128 3766 1158 3818 et
1178 3758 1274 3818 homi·

135 3888 205 3931 num
234 3879 263 3932 et
281 3871 452 3948 ¹civitatium
484 3870 689 3932 calumniatori
718 3867 1038 3947 maledicentissim05]⁸
1083 3869 1159 3929 lluic
1186 3869 1275 3945 igitur

134 4013 361 4022 ——-————-·

203 4097 392 4165 npffist

201 4182 227 4248 2)
247 4198 272 4249 p.
291 4183 342 4234 sut
359 4184 391 4234 A.
1184 4210 1188 4219 .

203 4267 231 4334 3)
251 4262 554 4335 [Schweighaeuserus]
574 4267 738 4319 Animadvv.
757 4268 788 4318 Τ.
807 4268 860 4331 VI,
878 4285 905 4335 p.
922 4271 981 4322 320.
1000 4270 1059 4320 323.
1078 4269 1137 4319 330.

201 4354 228 4417 4)
247 4355 290 4404 De
310 4368 342 4404 eo
360 4351 423 4403 vido
441 4353 562 4404 Icosium
582 4352 693 4420 Scriptt.
712 4353 778 4408 hist,
798 4352 897 4420 philos.
916 4354 958 4417 ΙΙ,
977 4355 1006 4417 d,
1026 4355 1050 4404 ὅ.

202 4437 228 4504 5)
248 4437 292 4489 Ct'.
311 4454 345 4489 ue
364 4437 457 4503 plures
474 4438 627 4504 nominem,
646 4439 772 4492 Vossium
792 4438 825 4489 de
844 4439 917 4489 Hist.
937 4438 983 4490 Gr.
1001 4438 1028 4501 l,
1047 4440 1072 4498 ἵ.

1043 4537 1077 4590 ¹.
