2866 4912
688 621 732 686 Π.

201 793 443 868 Prooemium
471 795 658 868 semestris
684 794 834 867 hiberni
860 796 949 869 anni
976 793 1223 871 MDOCCXI.

138 963 214 1062 (De
245 964 393 1038 ratione
425 990 521 1062 quae
555 964 652 1037 inter
683 973 782 1037 artes
817 974 853 1038 et
884 963 1044 1063 patriam
1076 965 1282 1040 intercedat

354 1090 458 1190 apud
486 1089 653 1165 Graecos
679 1118 702 1164 a
728 1102 858 1172 nostra
884 1089 1059 1190 diversa.)

222 1293 243 1372 ¹)
267 1293 448 1355 Admirabile
465 1313 586 1373 prorsus
601 1294 795 1373 diligentique
810 1295 1013 1373 dignissimum
1029 1296 1278 1376 contemplatione
1300 1308 1316 1352 3

134 1403 339 1484 spectaculum
362 1403 430 1464 illae
454 1405 582 1464 ollernnt
597 1424 654 1465 non
672 1406 760 1466 modo
782 1405 903 1466 humani
918 1407 1050 1483 generis,
1074 1407 1141 1476 sed,
1165 1410 1188 1466 si
1211 1427 1280 1487 pro·

135 1517 211 1575 fiteri
231 1502 279 1574 'las
302 1513 374 1581 hoc,
398 1515 491 1592 ipsios
513 1515 602 1574 divini
619 1515 754 1575 Numinis
769 1515 907 1584 deliciae,
931 1517 1043 1595 antiqui
1062 1517 1203 1577 Graeciae
1226 1537 1279 1597 po-
1367 1518 1372 1532 '

134 1623 210 1704 poli,
237 1643 272 1684 ex
297 1643 354 1705 quo
378 1642 505 1703 coepere
528 1626 660 1686 civitates
683 1625 826 1694 condere,
850 1624 979 1704 puhlicis
1001 1626 1181 1705 privatisque
1198 1629 1279 1687 iusti-

133 1737 218 1803 tutis,
248 1743 306 1794 tam
329 1735 422 1795 sacris
448 1753 536 1814 quam
565 1735 713 1814 prolenis,
742 1753 850 1796 ornare
873 1738 977 1805 vitam,
1006 1734 1119 1798 litteras
1142 1746 1279 1817 artesque

40 1904 47 1921 ,
133 1847 267 1924 reperire
290 1847 475 1911 innumeras,
500 1844 571 1905 nihil
593 1864 649 1924 pro
672 1844 795 1906 arhitrio
818 1847 963 1924 lingentes
979 1854 1105 1914 temere,
1130 1848 1181 1906 sed
1199 1856 1277 1908 recta

133 1957 248 2016 ratione
271 1974 304 2014 ac
328 1964 449 2015 naturae
473 1956 663 2022 necessitate,
688 1972 763 2031 (quac
786 1973 899 2015 summa
924 1957 1029 2015 merito
1045 1956 1171 2017 liabetur
1193 1960 1277 2027 ratio,

133 2067 229 2125 onmia
253 2066 295 2124 sit:
318 2074 368 2124 ant
383 2066 566 2126 invenientes
581 2074 629 2124 aut
644 2074 763 2145 accepta
787 2064 824 2125 ah
847 2065 913 2125 aliis
929 2063 1134 2143 formantesh,
1163 2086 1221 2127 uon
1246 2075 1278 2127 ut

133 2176 247 2235 intenta
272 2183 358 2253 putes
386 2176 447 2234 sive
476 2176 598 2235 lortuito
621 2176 681 2234 siro
710 2173 859 2244 consulto,
889 2174 941 2235 sed
970 2176 1077 2237 llorum
1103 2178 1278 2257 frugumque

132 2286 223 2344 instar
247 2291 344 2344 terrae
366 2291 531 2363 spontaneo
554 2291 698 2363 prognata
719 2283 790 2342 leto.
837 2284 926 2344 Cuius
957 2286 1034 2344 enim
1064 2302 1122 2345 non
1146 2305 1277 2346 commo·
1328 2284 1341 2295 '

133 2401 233 2451 vestm
260 2395 389 2460 animus,
419 2393 469 2469 qui
497 2393 605 2453 tiderit
625 2391 873 2471 quemadmodum
903 2393 1037 2469 singulae
1061 2393 1202 2456 Graeciae
1225 2414 1276 2455 na·

132 2504 225 2560 tiones
248 2519 311 2561 eam
339 2501 396 2561 sihi
425 2519 560 2581 quaeque
588 2502 770 2561 instituerint
798 2500 1001 2580 reipublicae
1032 2503 1173 2573 sormam,
1202 2522 1277 2582 qnae

131 2630 202 2671 snae
224 2610 315 2671 indoli
337 2612 456 2691 suisque
479 2610 610 2672 moribus
626 2611 798 2672 conveniret
813 2613 952 2681 maxime,
975 2618 1003 2672 et
1025 2615 1107 2692 quasi
1132 2613 1273 2692 quaedam

130 2739 200 2781 suae
227 2722 334 2781 mentis
360 2733 439 2783 esset
466 2720 716 2800 adspectahilihus
743 2721 847 2782 formis
876 2740 1016 2799 expressa
1047 2724 1163 2799 imago?
1194 2701 1275 2794 ⁸Ouid

129 2851 199 2892 vero
220 2839 314 2900 artes,
338 2831 407 2910 quid
433 2831 606 2892 doctrinae?
636 2830 740 2892 Nonne
763 2851 818 2910 pro
846 2833 923 2892 varia
941 2831 1155 2911 multiplicique
1172 2841 1275 2893 natura

130 2942 206 3003 aliae
229 2943 410 3003 Graecorum
434 2949 538 3018 gentes
565 2944 595 3002 in
626 2941 691 3001 aliis
719 2939 890 3003 excelluere
920 2941 1098 3020 generibus?
1126 2961 1223 3003 nonne
1245 2945 1275 3003 in

129 3053 233 3113 eodem
257 3070 367 3130 genere
396 3050 470 3111 aliae
493 3050 551 3112 alio
583 3050 774 3112 elaborarunt
801 3052 909 3112 modo?
953 3050 1112 3112 Considera
1136 3051 1276 3132 eloquen-

130 3165 213 3232 tiam,
243 3161 398 3222 cousidera
429 3163 562 3222 musicen
586 3181 619 3223 ac
642 3163 761 3241 poesin,
791 3180 866 3240 quae
894 3178 952 3221 noo
982 3171 1095 3222 tantum
1118 3163 1274 3231 sermonis,

130 3292 188 3333 nou
217 3279 331 3332 tantum
363 3271 520 3332 modorum
549 3280 772 3349 metrorumque
801 3282 830 3332 et
856 3289 1013 3343 sonorum,
1049 3271 1101 3332 sed
1135 3288 1274 3332 sensuum

133 3400 253 3463 quoque
269 3390 299 3442 et
313 3382 485 3449 affectuum,
509 3399 583 3460 quos
599 3381 819 3460 exprimebant,
841 3389 883 3441 tot
902 3380 1053 3442 habehant
1065 3383 1189 3460 speeies,
1204 3389 1277 3457 quot

127 3490 230 3573 populi
260 3500 347 3553 erant
374 3493 453 3553 inter
479 3510 545 3551 sese
573 3490 690 3551 diversi.
736 3490 810 3560 Ouid
840 3489 1044 3570 philosophis?
1093 3490 1210 3557 Nonne,
1243 3499 1275 3548 ut

129 3603 231 3664 ionum
262 3621 296 3661 ae
326 3602 529 3668 horiensium,
559 3600 681 3662 adversa
710 3601 766 3662 sihi
795 3601 893 3661 fronte
922 3603 1141 3681 oppositorum,
1176 3617 1274 3658 mores

129 3712 270 3772 dilieruut
293 3713 436 3779 universi,
459 3713 498 3773 ita
522 3711 686 3773 lonicorum
711 3711 887 3791 sapientium
909 3711 1014 3791 placita
1037 3727 1170 3790 pugnare
1195 3709 1273 3769 ntes

127 3841 194 3884 cnm
218 3820 347 3883 Italicis?
390 3821 495 3882 Nonne
517 3822 712 3884 Athenienses
733 3819 902 3901 philosophi
925 3827 986 3880 tum
1010 3818 1047 3880 ah
1070 3818 1115 3879 his
1143 3826 1205 3876 tum
1235 3817 1271 3876 ab

198 4091 224 4158 1)
245 4089 391 4158 [Repetite
415 4096 458 4142 est
479 4091 561 4142 huius
583 4090 822 4142 commentationis
844 4090 964 4138 maxims
985 4104 1049 4154 pars
1072 4090 1100 4139 in
1121 4089 1201 4140 Actis
1223 4089 1269 4141 Se·

127 4178 237 4227 minarii
257 4176 325 4242 regii
344 4176 500 4242 Lipsiensis
523 4192 605 4240 supra
623 4193 648 4240 p.
667 4178 700 4226 35
719 4172 850 4225 excitatis
868 4189 893 4238 p.
911 4174 962 4222 tto
978 4188 1055 4239 seqq.
1075 4175 1109 4224 cf.
1129 4184 1199 4239 quae
1219 4175 1269 4222 ibi·

126 4262 186 4312 dom
207 4262 240 4311 de
259 4262 311 4310 lise
330 4263 431 4311 iterata
451 4260 572 4310 editione
592 4259 668 4308 diets
686 4256 770 4324 sunt]

193 4346 220 4410 2)
240 4342 284 4413 [ln
304 4346 394 4411 priore
413 4344 535 4394 editione
553 4345 684 4408 seriptum
705 4348 766 4392 orat
784 4342 973 4405 eliminantes,
992 4341 1065 4407 apud
1078 4341 1210 4392 Bechium
1228 4345 1270 4389 est

125 4428 312 4497 effingentes]
