2866 4912
686 257 725 317 37

134 459 352 538 ‹prodammodo
375 461 506 520 conditio
530 471 574 522 est
596 470 685 539 atque
709 481 811 522 eornm
836 465 886 539 qui
908 465 1027 543 scriptis
1055 464 1178 534 docent,
1208 485 1280 544 quo·

132 589 197 631 rum
227 569 321 631 libros
349 569 426 631 idem
452 571 532 631 l’lato
561 573 648 652 pictis
677 581 828 653 comparat
857 573 1049 651 imaginibus,
1079 594 1168 654 quae,
1199 578 1281 653 quasi

133 681 227 741 ritant
251 683 441 759 vigeantque,
465 682 596 749 adstant:
620 684 737 762 siquid
762 701 830 743 rero
855 702 890 743 ex
912 685 949 742 iis
972 686 1166 760 quaesiveris,
1198 704 1280 746 verc-

132 790 230 851 cunde
257 790 416 851 admodum
446 809 512 852 cum
541 795 683 869 gravitate
712 792 838 869 quadam
861 790 988 872 sileut¹).
1033 793 1154 855 Adeone
1181 802 1278 856 autem

133 900 180 960 rili
203 899 269 961 locu
292 903 510 980 nosmetipsos
533 901 637 963 haberi
660 902 734 963 telle
757 901 958 972 arbitremini,
983 904 1075 974 cives,
1106 913 1151 974 ut,
1179 925 1280 984 quem·

132 1011 290 1072 admodum
314 1011 444 1089 Pegasus
471 1011 521 1071 ille
550 1012 812 1091 iur·econsultus²),
842 1012 988 1074 librorum
1016 1032 1156 1091 geramus
1184 1018 1279 1077 vices?

133 1123 225 1182 lmmo
248 1131 278 1182 et
300 1140 368 1192 uos,
391 1129 532 1202 quantum
556 1123 621 1182 steri
637 1125 761 1201 poterit,
785 1123 813 1182 id
837 1140 974 1202 agemus,
998 1133 1032 1184 ut
1054 1123 1189 1186 lectionis
1211 1144 1278 1205 per-

132 1234 303 1312 petuitatem
327 1232 404 1293 haud
429 1232 484 1292 leri
502 1231 628 1309 quodam
646 1234 768 1293 artilicio
786 1234 931 1295 variemus
945 1231 1122 1314 illorumque
1146 1243 1277 1296 veterum

132 1341 361 1404 confabulationi
389 1342 547 1403 reddamus
576 1360 662 1420 qoam
692 1341 885 1413 simillimam,
921 1351 951 1403 et
978 1362 1029 1403 ros
1056 1363 1177 1425 operam
1207 1344 1278 1406 dare

131 1452 297 1533 oportebit,
327 1461 375 1521 ut,
405 1470 599 1531 quaecuuque
629 1451 765 1532 publicae
792 1452 910 1514 scholae
933 1456 962 1514 in
989 1455 1102 1515 maiore
1125 1455 1209 1517 turba
1233 1455 1277 1515 vel

133 1562 269 1641 ambigua
294 1562 339 1622 rel
363 1560 530 1642 inexplicita
555 1561 743 1643 reliquerint,
773 1563 810 1624 de
832 1564 869 1622 iis
896 1565 971 1624 intra
995 1565 1127 1643 privatos
1149 1568 1278 1645 parietes

134 1671 271 1735 familiari
295 1672 447 1734 nobiscum
477 1691 616 1734 sermone
644 1673 806 1735 dissecatis.
851 1674 1007 1753 Sapienter
1035 1676 1112 1735 enim
1141 1674 1277 1755 publicae

132 1785 325 1844 iustitutionis
348 1782 484 1844 laudator
500 1781 791 1862 prurlcntissinrus³):
815 1783 975 1860 Inprimis
995 1802 1032 1845 ea
1046 1787 1186 1846 hahendo
1200 1805 1278 1848 cura

131 1902 189 1969 est,
215 1902 248 1955 ut
267 1903 451 1971 praeceptor
473 1897 554 1955 omni
574 1896 736 1967 madefiat
758 1896 843 1955 raedis
865 1895 1066 1967 familiariter
1087 1899 1201 1957 emicas
1223 1915 1278 1958 nec

131 2005 265 2078 officium
289 2009 319 2066 in
343 2007 479 2066 docendo
499 2011 627 2081 spectet,
652 2007 707 2064 sed
728 2008 883 2081 effectum.
919 2007 970 2065 lto
993 2023 1145 2080 nunqrrnm
1167 2009 1278 2068 erimus

129 2119 161 2175 tn
183 2117 285 2176 turdo.

216 2224 274 2285 lam
304 2233 445 2302 qrramum
477 2232 606 2284 veterum
638 2242 686 2283 ars
714 2223 840 2284 docendi
867 2230 997 2303 praestat
1028 2233 1161 2294 nostrae,
1195 2234 1275 2287 tauto

132 2352 186 2394 nos
209 2333 314 2395 melius
336 2335 473 2395 instructi
496 2351 600 2394 sumus
622 2351 637 2392 a
661 2332 789 2412 publicis
818 2331 971 2392 doctrinae
998 2333 1137 2393 subsidiis
1165 2337 1273 2395 instru-

131 2445 311 2524 mentisque,
335 2462 350 2503 a
374 2445 520 2505 variarum
543 2461 645 2505 rerum
661 2443 839 2520 cognitionis
861 2443 961 2521 copia,
985 2441 1022 2502 ab
1046 2444 1126 2504 omni
1148 2443 1276 2524 denique

131 2573 240 2632 genere
263 2552 445 2621 scholarum,
475 2553 584 2633 quibus
606 2552 701 2613 aditus
728 2552 764 2612 ad
794 2550 989 2613 eruditionem
1018 2562 1140 2631 paratur
1162 2555 1274 2615 littera·

130 2683 255 2744 retroque
278 2663 373 2727 studia
397 2666 569 2725 muniuntur
598 2662 741 2723 adversus
762 2665 949 2740 ingruentem
979 2661 1154 2724 barbariem.
1201 2665 1274 2727 Nam

129 2792 250 2852 magnas
273 2773 483 2844 bibliothecas,
512 2792 631 2842 musea,
666 2771 799 2853 publicas
826 2773 1015 2853 privatasque
1038 2773 1208 2846 cathedras,
1238 2777 1273 2838 ad

128 2905 202 2964 (ruas
224 2887 329 2964 ingens
352 2885 518 2947 conllueret
539 2883 916 2969 studiosorumhominum
941 2902 1092 2954 numerus,
1117 2885 1273 2966 plerasque

128 3015 232 3057 omues
247 3002 315 3076 post
330 2996 475 3075 perditam
495 2995 614 3056 demum
627 2995 769 3056 Graeciae
785 2993 953 3055 libertatem
969 2995 1117 3056 institutas
1131 2995 1272 3067 videmus,

132 3107 168 3167 Et
190 3123 366 3185 quamquam
391 3104 500 3167 multae
523 3107 667 3175 civitates,
695 3104 764 3165 illae
787 3104 931 3164 honarum
959 3107 1065 3165 artium
1089 3109 1220 3168 omnium
1245 3117 1273 3169 et

128 3217 319 3277 immanitatis
341 3218 433 3295 ipsius
456 3224 596 3294 parentes
617 3215 763 3283 Athenae,
787 3213 835 3275 illa
857 3214 989 3285 Rhodus,
1012 3215 1104 3276 altera
1123 3216 1270 3278 Minervae
1293 3240 1309 3287 5

127 3326 229 3395 sedes,
258 3324 307 3386 illa
330 3325 456 3394 Tarsus,
486 3325 535 3386 illa
558 3323 727 3405 Apollonia,
757 3323 804 3385 illa
833 3342 893 3385 non
912 3324 1053 3386 Graeciae
1078 3335 1107 3386 et
1129 3328 1270 3408 Aegypto,

127 3436 178 3498 sed
203 3435 281 3496 orbi·
291 3445 439 3497 terrarum
456 3433 658 3497 collustrando
675 3444 741 3496 nata
756 3433 931 3496 Alexandria
955 3434 1088 3515 aliaeque
1104 3435 1194 3498 urbes
1211 3441 1269 3497 exi·

128 3549 185 3607 mia
215 3546 391 3607 eruditionis
418 3546 504 3608 laude
527 3555 811 3626 praeceptorumque
835 3546 1068 3607 clarissimorum
1097 3544 1270 3609 celebritate

130 3657 291 3727 florebant,
309 3656 459 3734 multaque
475 3674 555 3718 nunc
571 3654 675 3717 deesse
690 3665 805 3718 constat
822 3656 857 3717 ad
874 3663 1106 3717 consummatam
1122 3654 1202 3717 illam
1220 3658 1277 3716 re·'

128 3770 199 3829 teris
222 3770 283 3828 aevi
307 3766 439 3837 laudem,
463 3775 493 3827 et
506 3768 614 3846 partim
639 3766 721 3836 talia,
745 3785 820 3847 quae
842 3768 906 3827 lieri
929 3784 988 3826 nou
1010 3772 1108 3845 potest
1130 3774 1162 3825 ut
1184 3765 1270 3825 nubis

128 3879 299 3956 contingant
322 3894 465 3957 unquam:
489 3885 603 3948 tamen,
631 3879 656 3937 si
678 3877 883 3939 Alexandriam
907 3877 1073 3954 exceperis,
1104 3877 1134 3934 in
1158 3877 1269 3936 nostris

127 3986 286 4048 academiis
309 4005 397 4066 aluum
428 4007 546 4049 omnem
575 4006 638 4049 reru
668 3987 841 4047 litterariam
864 3986 1084 4046 nnrrriilcentius
1109 3983 1267 4046 stabilitam

194 4274 220 4338 1)
238 4274 356 4328 ruach.
375 4292 400 4340 p.
421 4276 472 4324 aas
490 4277 522 4324 u.
543 4276 574 4324 u.

192 4360 219 4424 2)
239 4356 296 4425 [Gi.
313 4357 439 4410 luvenel.
458 4360 541 4410 Setir.
561 4359 607 4418 IV,
627 4361 658 4408 ‘ii
678 4359 770 4422 ibique
786 4356 882 4424 astrol]

193 4441 222 4508 3)
241 4443 432 4507 Quintilianus
449 4445 516 4495 luat.
534 4446 565 4502 1,
584 4447 614 4507 2,
635 4445 674 4495 15.
754 4474 761 4487 ·
