2866 4912
165 425 345 502 Berussfoe,
369 422 511 503 principis
534 422 641 484 eruditi
663 431 693 482 et
706 423 852 501 imprimis
867 420 984 490 diserti,
1009 420 1058 499 qui
1081 429 1141 480 tum
1165 420 1320 481 acerrima

117 546 150 593 36
167 535 426 616 propagandorum
449 535 561 612 ingenii
584 533 728 594 luminum
745 532 921 612 cupiditate,
945 550 1002 611 qua
1025 533 1065 590 ita
1082 540 1145 592 erat
1158 533 1319 599 incensus,

166 656 199 708 ut
225 646 427 727 professorum
455 645 671 724 disputationes
699 642 893 723 publicasque
922 642 1066 704 lectiones
1093 643 1159 721 ipse
1183 641 1319 712 audiret,

165 767 227 818 tum
246 756 413 817 llorotbeue
428 756 566 834 coniugis
580 754 701 816 hortatu
715 773 794 815 auno
811 754 943 815 eiusdem
958 751 1068 814 saeculi
1084 752 1320 832 quadragesimo

91 877 94 883 '
164 875 285 947 quarto,
313 865 429 927 illustre
450 863 522 925 illud
551 866 581 925 in
604 865 801 943 Regiomonte
822 865 972 926 Musarum
995 864 1089 924 erexit
1116 862 1317 924 domicilium.

164 978 266 1056 Longo
283 975 392 1037 deinde
406 974 560 1036 intervallo
576 993 654 1036 anno
666 974 822 1037 millesimo
834 976 1050 1038 sexcentesimo
1064 975 1318 1052 quinquagesimo

166 1090 270 1166 quinto
298 1089 478 1148 Fridericus
506 1089 669 1148 Guilelmus
697 1088 831 1161 Moenus
859 1085 978 1147 Elector
1006 1086 1083 1145 inter
1109 1086 1190 1164 ipsos
1216 1083 1317 1144 bello·

165 1217 248 1267 rum,
272 1197 380 1276 quibus
402 1195 503 1257 hostes
526 1196 675 1266 vincebat,
707 1196 863 1267 tumultus,
892 1196 1181 1272 Tuiscoburgensem
1205 1194 1317 1256 acade-

166 1311 256 1369 miam
279 1315 379 1368 nostra
402 1315 497 1368 aetate
519 1308 582 1367 fere
605 1309 794 1376 exstinctam,
817 1309 972 1377 instruxit,
997 1317 1028 1368 ut
1043 1306 1171 1368 Clivensi
1192 1323 1318 1384 quoque

168 1419 292 1479 llueatui
314 1418 422 1478 artium
445 1416 542 1478 studia
565 1417 705 1479 redderet
727 1420 862 1498 propria,
892 1417 1000 1497 quibus
1027 1419 1057 1477 in
1086 1418 1193 1478 ceteris
1217 1423 1317 1476 terra·

167 1547 235 1590 rum
256 1527 314 1588 sibi
336 1529 505 1607 parentium
527 1528 662 1608 partibus
683 1528 813 1607 glorioso
828 1531 976 1591 maiorum
990 1530 1125 1589 instituto
1142 1525 1316 1588 consultum

167 1648 231 1699 orat
260 1620 400 1700 eximie.¹
429 1637 488 1699 Sed
522 1656 625 1699 omnes
658 1641 875 1718 magnificentia
906 1641 1006 1719 operis
1035 1640 1104 1699 vicit
1133 1639 1319 1698 Friderfcus

166 1753 289 1823 tertius,
319 1747 437 1809 Elector
464 1756 527 1809 tum
550 1749 863 1828 Brandeuburgeusis,
892 1769 961 1810 mox
990 1752 1170 1811 Fridericus
1192 1751 1318 1825 primus

168 1860 365 1920 Borussorum
386 1859 463 1929 Rex,
486 1861 537 1936 qui
559 1859 741 1921 nobilissimo
764 1860 875 1939 gloriae
898 1859 1018 1921 stimulo
1041 1861 1197 1939 magnique
1219 1861 1318 1939 patris

168 1969 304 2049 exemplo
326 1969 480 2040 incitatus,
509 1989 599 2050 quum
622 1974 680 2032 iam
703 1971 818 2050 pridem
841 1971 1057 2050 perficiendum
1083 1971 1114 2031 in
1135 1969 1317 2048 Magdebur-

167 2081 252 2159 gensi
275 2079 387 2141 ditione
409 2079 522 2141 Alberti
544 2081 708 2159 Mogontini
730 2084 883 2161 inceptum
906 2082 963 2142 sibi
985 2083 1203 2162 proposuisset,
1233 2082 1317 2142 iuter

168 2188 276 2251 molem
300 2189 448 2257 bellorum
472 2190 587 2252 nobiles
608 2194 739 2271 suscepit
761 2211 847 2254 curas
870 2192 906 2253 de
929 2191 1036 2253 litteris
1063 2191 1140 2252 bene
1165 2192 1316 2261 merendi,

168 2300 327 2381 pulsasque
350 2320 385 2362 er
412 2301 477 2362 aliis
504 2303 593 2363 terris
621 2310 650 2362 et
679 2312 814 2364 extorres
836 2303 979 2364 Camenas
1007 2304 1069 2363 suis
1095 2301 1206 2362 linibus
1235 2303 1317 2362 reci·

120 2419 122 2423 '
166 2411 280 2490 piendi,
311 2430 346 2471 eo
374 2413 548 2491 praesertim
578 2420 727 2493 tempore,
762 2433 821 2492 quo
849 2413 980 2475 Palatina
1015 2411 1181 2473 litterarum
1215 2411 1316 2482 sedes,

166 2523 287 2584 incensa
311 2530 340 2582 et
366 2522 481 2603 direpta
509 2522 598 2593 urbe,
626 2523 758 2584 funditus
786 2523 882 2584 deleta
910 2522 1112 2603 spectaculum
1136 2523 1317 2584 Germaniae

167 2631 329 2712 praebebat
351 2630 612 2694 luctuosissimum.
643 2633 743 2711 ltaque
767 2642 828 2695 tum
849 2634 884 2695 ad
901 2633 1083 2714 Leopoldum
1100 2633 1316 2713 Imperatorem

167 2743 334 2803 Romanum
357 2743 490 2821 scripsit,
519 2742 603 2812 „sibi
624 2745 682 2805 iam
711 2744 826 2822 pridem
849 2746 880 2804 in
903 2763 968 2805 eam
991 2763 1094 2805 curam
1116 2743 1316 2815 incumbenti,

168 2871 225 2931 qua
249 2854 363 2913 ratione
385 2850 488 2913 fideles
508 2871 579 2913 suos
601 2852 735 2914 subditos
752 2855 895 2933 singulari
917 2854 1046 2934 quodam
1069 2854 1200 2916 afficeret
1220 2854 1317 2916 bene-

167 2963 250 3031 ficio,
280 2964 363 3023 cuius
391 2962 505 3023 fructus
533 2982 593 3025 non
622 2967 708 3026 unius
736 2973 815 3026 osset
842 2968 921 3037 aeri,
956 2983 1053 3044 neque
1080 2967 1112 3025 iu
1136 2975 1317 3045 praesentes

169 3081 282 3133 tantum
305 3072 500 3145 redundaret,
524 3074 575 3136 sed
598 3084 723 3137 aetatem
738 3077 818 3138 ferre
840 3086 870 3137 et
891 3078 921 3136 in
944 3084 1080 3155 posteros
1096 3075 1222 3137 derivari
1243 3093 1317 3155 pos-

168 3191 227 3253 set,
252 3184 418 3245 occurrisse
440 3185 552 3255 animo,
581 3184 654 3246 nibil
677 3204 771 3264 aeque
794 3186 829 3247 ad
852 3185 977 3247 solidam
1000 3194 1029 3247 et
1051 3187 1259 3266 imperantium
1284 3196 1317 3249 et

167 3294 335 3373 parentium
358 3293 528 3357 felicitatem
552 3296 732 3367 conducere,
758 3298 894 3374 quamsi
917 3298 1112 3374 cogitationes
1134 3314 1169 3357 eo
1187 3314 1316 3358 conver-

167 3411 311 3475 terentur,
336 3414 367 3467 ut
383 3407 518 3468 iuventus
532 3408 709 3486 praesertim
726 3408 756 3467 in
772 3409 966 3469 maturiorem
981 3406 1156 3469 adolescens
1175 3415 1314 3479 aetatem,

167 3524 323 3594 postquam
345 3517 439 3596 prima
463 3516 628 3577 studiorum
645 3517 779 3578 tirocinia
803 3519 833 3580 in
854 3517 963 3579 sobolis
978 3518 1171 3579 inferioribus
1185 3517 1325 3581 feliciter

120 3641 152 3689 37
169 3624 367 3706 deposuisset,
391 3624 565 3687 celsioribus
581 3627 745 3707 disciplinis
760 3631 988 3709 manciparetur,
1010 3640 1098 3708 atque
1114 3631 1232 3709 optimis
1247 3631 1316 3710 qui·

167 3734 342 3816 buscunque
370 3735 485 3797 artibus
507 3736 705 3810 imbueretur,
736 3748 765 3801 et
787 3739 842 3801 sub
871 3741 964 3801 oculis
986 3748 1075 3819 atque
1097 3741 1128 3800 in
1150 3748 1316 3819 conspectu

168 3848 252 3924 quasi
274 3854 432 3926 parentum
448 3848 477 3907 in
495 3866 545 3909 eos
560 3866 659 3909 mores
674 3849 864 3920 formaretur,
889 3853 939 3928 qui
955 3850 1016 3911 lleo
1034 3850 1123 3928 grati,
1147 3852 1192 3911 rei
1214 3849 1315 3931 publi·

167 3975 219 4016 eae
241 3955 329 4017 utiles
353 3974 418 4020 esse
440 3968 601 4038 pussent“:
625 3961 850 4040 impetratisque
873 3980 890 4020 a
913 3961 1037 4021 Caesare
1059 3959 1230 4023 lautissimis
1250 3962 1314 4041 pri·

168 4064 280 4144 vilegiis
308 4076 337 4128 et
364 4069 531 4131 convocatis
556 4069 729 4132 doctoribus
757 4069 975 4142 celeberrimis,
1005 4090 1096 4150 quum
1125 4073 1231 4150 ingens
1253 4072 1315 4133 iam

168 4175 366 4238 studiosorum
389 4180 526 4241 iuvenum
556 4189 586 4241 et
607 4189 807 4260 spectatorum
830 4180 1021 4242 confluxisset
1042 4200 1199 4252 numerus,
1227 4190 1313 4244 nata·

167 4285 244 4348 liciis
265 4287 611 4369 duodequadragesimis,
634 4309 712 4350 anno
734 4292 844 4353 saeculi
863 4293 984 4372 septimi
1008 4301 1038 4352 et
1059 4292 1164 4353 decimi
1181 4306 1315 4370 nonage-

167 4398 242 4457 simo
272 4409 391 4479 quarto,
422 4400 652 4462 Fridericianam
676 4400 832 4463 llalensem
857 4402 1083 4464 Universitatom
1111 4405 1176 4483 ipse
1203 4420 1315 4481 magno
