<?xml version="1.0" encoding="UTF-8"?>
<!DOCTYPE html PUBLIC "-//W3C//DTD XHTML 1.0 Transitional//EN"
    "http://www.w3.org/TR/xhtml1/DTD/xhtml1-transitional.dtd">
<html xmlns="http://www.w3.org/1999/xhtml" xml:lang="en" lang="en">
 <head>
  <title>
</title>
<meta http-equiv="Content-Type" content="text/html;charset=utf-8" />
  <meta name='ocr-system' content='tesseract 3.04.00' />
  <meta name='ocr-capabilities' content='ocr_page ocr_carea ocr_par ocr_line ocrx_word'/>
</head>
<body>
  <div class='ocr_page' id='page_1' title='image "augustboeckhsge04bratgoog_0021.png"; bbox 0 0 2866 4912; ppageno 0'>
   <div class='ocr_carea' id='block_1_1' title="bbox 593 322 745 330">
    <p class='ocr_par' dir='ltr' id='par_1_1' title="bbox 593 322 745 330">
     <span class='ocr_line' id='line_1_1' title="bbox 593 322 745 330; baseline -0.007 -1"><span class='ocrx_word' id='word_1_1' title='bbox 593 322 745 330; x_wconf 69' lang='lat'>--——-—</span> 
     </span>
    </p>
   </div>
   <div class='ocr_carea' id='block_1_2' title="bbox 39 438 1290 3941">
    <p class='ocr_par' dir='ltr' id='par_1_2' title="bbox 93 438 1244 851">
     <span class='ocr_line' id='line_1_2' title="bbox 99 438 1243 518; baseline -0.001 -15"><span class='ocrx_word' id='word_1_2' title='bbox 99 447 167 503; x_wconf 88' lang='lat' dir='ltr'><strong>eant</strong></span> <span class='ocrx_word' id='word_1_3' title='bbox 188 441 260 502; x_wconf 91' lang='lat' dir='ltr'><strong>satis</strong></span> <span class='ocrx_word' id='word_1_4' title='bbox 283 439 386 500; x_wconf 85' lang='lat' dir='ltr'><strong>firmae</strong></span> <span class='ocrx_word' id='word_1_5' title='bbox 397 438 428 518; x_wconf 86' lang='lat'><strong>¹).</strong></span> <span class='ocrx_word' id='word_1_6' title='bbox 472 438 664 518; x_wconf 75' lang='lat' dir='ltr'><strong>Protagoram</strong></span> <span class='ocrx_word' id='word_1_7' title='bbox 689 440 766 499; x_wconf 90' lang='lat' dir='ltr'><strong>enim</strong></span> <span class='ocrx_word' id='word_1_8' title='bbox 790 441 867 500; x_wconf 90' lang='lat' dir='ltr'><strong>inter</strong></span> <span class='ocrx_word' id='word_1_9' title='bbox 894 440 1090 503; x_wconf 89' lang='lat' dir='ltr'><strong>adolescentis</strong></span> <span class='ocrx_word' id='word_1_10' title='bbox 1112 440 1243 503; x_wconf 78' lang='lat' dir='ltr'><strong>Platonis</strong></span> 
     </span>
     <span class='ocr_line' id='line_1_3' title="bbox 99 547 1244 632; baseline 0 -19"><span class='ocrx_word' id='word_1_11' title='bbox 99 551 207 631; x_wconf 90' lang='lat' dir='ltr'><strong>scripta</strong></span> <span class='ocrx_word' id='word_1_12' title='bbox 236 568 301 611; x_wconf 92' lang='lat' dir='ltr'><strong>esse</strong></span> <span class='ocrx_word' id='word_1_13' title='bbox 329 547 537 620; x_wconf 79' lang='lat' dir='ltr'><strong>referendum,</strong></span> <span class='ocrx_word' id='word_1_14' title='bbox 568 567 627 611; x_wconf 91' lang='lat' dir='ltr'><strong>non</strong></span> <span class='ocrx_word' id='word_1_15' title='bbox 657 548 751 611; x_wconf 91' lang='lat' dir='ltr'><strong>solum</strong></span> <span class='ocrx_word' id='word_1_16' title='bbox 781 568 816 610; x_wconf 83' lang='lat' dir='ltr'><strong>ex</strong></span> <span class='ocrx_word' id='word_1_17' title='bbox 846 549 1012 612; x_wconf 79' lang='lat' dir='ltr'>admirabili</span> <span class='ocrx_word' id='word_1_18' title='bbox 1040 551 1093 613; x_wconf 94' lang='lat' dir='ltr'><strong>illo</strong></span> <span class='ocrx_word' id='word_1_19' title='bbox 1117 571 1244 632; x_wconf 92' lang='lat' dir='ltr'><strong>prorsus</strong></span> 
     </span>
     <span class='ocr_line' id='line_1_4' title="bbox 100 659 1241 740; baseline 0.001 -17"><span class='ocrx_word' id='word_1_20' title='bbox 100 670 129 723; x_wconf 91' lang='lat' dir='ltr'><strong>et</strong></span> <span class='ocrx_word' id='word_1_21' title='bbox 155 678 209 740; x_wconf 90' lang='lat' dir='ltr'><strong>per</strong></span> <span class='ocrx_word' id='word_1_22' title='bbox 236 659 353 721; x_wconf 90' lang='lat' dir='ltr'><strong>saecula</strong></span> <span class='ocrx_word' id='word_1_23' title='bbox 383 659 527 721; x_wconf 91' lang='lat' dir='ltr'><strong>duraturo</strong></span> <span class='ocrx_word' id='word_1_24' title='bbox 555 661 762 722; x_wconf 88' lang='lat' dir='ltr'><strong>universorum</strong></span> <span class='ocrx_word' id='word_1_25' title='bbox 790 659 920 721; x_wconf 77' lang='lat' dir='ltr'><strong>Platonis</strong></span> <span class='ocrx_word' id='word_1_26' title='bbox 947 660 1093 724; x_wconf 91' lang='lat' dir='ltr'><strong>librorum</strong></span> <span class='ocrx_word' id='word_1_27' title='bbox 1126 662 1241 732; x_wconf 90' lang='lat' dir='ltr'><strong>ordine,</strong></span> 
     </span>
     <span class='ocr_line' id='line_1_5' title="bbox 93 768 1242 851; baseline 0.001 -18"><span class='ocrx_word' id='word_1_28' title='bbox 93 788 188 848; x_wconf 66' lang='lat' dir='ltr'><strong>¹(luem</strong></span> <span class='ocrx_word' id='word_1_29' title='bbox 212 790 248 832; x_wconf 83' lang='lat' dir='ltr'><strong>er</strong></span> <span class='ocrx_word' id='word_1_30' title='bbox 264 771 366 831; x_wconf 90' lang='lat' dir='ltr'><strong>intima</strong></span> <span class='ocrx_word' id='word_1_31' title='bbox 381 769 513 832; x_wconf 83' lang='lat' dir='ltr'><strong>Platonis</strong></span> <span class='ocrx_word' id='word_1_32' title='bbox 530 768 728 831; x_wconf 79' lang='lat' dir='ltr'><strong>familiaritate</strong></span> <span class='ocrx_word' id='word_1_33' title='bbox 751 772 883 851; x_wconf 89' lang='lat' dir='ltr'><strong>aequasi</strong></span> <span class='ocrx_word' id='word_1_34' title='bbox 901 774 1090 834; x_wconf 79' lang='lat' dir='ltr'><strong>consortione</strong></span> <span class='ocrx_word' id='word_1_35' title='bbox 1105 773 1242 835; x_wconf 91' lang='lat' dir='ltr'><strong>haustum</strong></span> 
     </span>
    </p>

    <p class='ocr_par' dir='ltr' id='par_1_3' title="bbox 61 878 1290 2946">
     <span class='ocr_line' id='line_1_6' title="bbox 61 878 1243 962; baseline 0 -19"><span class='ocrx_word' id='word_1_36' title='bbox 61 901 69 913; x_wconf 96' lang='lat'><strong>·</strong></span> <span class='ocrx_word' id='word_1_37' title='bbox 99 883 214 961; x_wconf 89' lang='lat' dir='ltr'><strong>primus</strong></span> <span class='ocrx_word' id='word_1_38' title='bbox 242 882 369 943; x_wconf 89' lang='lat' dir='ltr'><strong>instituit</strong></span> <span class='ocrx_word' id='word_1_39' title='bbox 396 888 498 941; x_wconf 88' lang='lat' dir='ltr'><strong>noster</strong></span> <span class='ocrx_word' id='word_1_40' title='bbox 527 878 833 951; x_wconf 85' lang='lat' dir='ltr'><strong>Sclrleiermaeherus‚</strong></span> <span class='ocrx_word' id='word_1_41' title='bbox 863 901 922 943; x_wconf 93' lang='lat' dir='ltr'><strong>non</strong></span> <span class='ocrx_word' id='word_1_42' title='bbox 951 881 1045 944; x_wconf 91' lang='lat' dir='ltr'><strong>solnm</strong></span> <span class='ocrx_word' id='word_1_43' title='bbox 1075 903 1110 945; x_wconf 82' lang='lat' dir='ltr'><strong>ex</strong></span> <span class='ocrx_word' id='word_1_44' title='bbox 1133 883 1243 962; x_wconf 84' lang='lat' dir='ltr'><strong>dialogi</strong></span> 
     </span>
     <span class='ocr_line' id='line_1_7' title="bbox 101 989 1243 1074; baseline 0.003 -23"><span class='ocrx_word' id='word_1_45' title='bbox 101 998 205 1053; x_wconf 87' lang='lat' dir='ltr'><strong>natura</strong></span> <span class='ocrx_word' id='word_1_46' title='bbox 228 999 259 1052; x_wconf 91' lang='lat' dir='ltr'><strong>et</strong></span> <span class='ocrx_word' id='word_1_47' title='bbox 280 991 379 1053; x_wconf 90' lang='lat' dir='ltr'><strong>indole</strong></span> <span class='ocrx_word' id='word_1_48' title='bbox 402 989 528 1053; x_wconf 83' lang='lat' dir='ltr'><strong>iuvenile</strong></span> <span class='ocrx_word' id='word_1_49' title='bbox 552 992 704 1068; x_wconf 84' lang='lat' dir='ltr'><strong>ingenium</strong></span> <span class='ocrx_word' id='word_1_50' title='bbox 731 993 895 1064; x_wconf 81' lang='lat' dir='ltr'><strong>referente,</strong></span> <span class='ocrx_word' id='word_1_51' title='bbox 925 993 978 1053; x_wconf 91' lang='lat' dir='ltr'><strong>sed</strong></span> <span class='ocrx_word' id='word_1_52' title='bbox 1008 1005 1044 1053; x_wconf 81' lang='lat' dir='ltr'><strong>eir</strong></span> <span class='ocrx_word' id='word_1_53' title='bbox 1067 1012 1102 1053; x_wconf 92' lang='lat' dir='ltr'><strong>eo</strong></span> <span class='ocrx_word' id='word_1_54' title='bbox 1125 1011 1243 1074; x_wconf 88' lang='lat' dir='ltr'><strong>quoque</strong></span> 
     </span>
     <span class='ocr_line' id='line_1_8' title="bbox 99 1101 1244 1183; baseline 0.001 -19"><span class='ocrx_word' id='word_1_55' title='bbox 99 1110 194 1183; x_wconf 92' lang='lat' dir='ltr'><strong>patet,</strong></span> <span class='ocrx_word' id='word_1_56' title='bbox 219 1102 296 1180; x_wconf 91' lang='lat' dir='ltr'><strong>quod</strong></span> <span class='ocrx_word' id='word_1_57' title='bbox 320 1101 424 1164; x_wconf 89' lang='lat' dir='ltr'><strong>ultima</strong></span> <span class='ocrx_word' id='word_1_58' title='bbox 447 1102 576 1164; x_wconf 87' lang='lat' dir='ltr'><strong>Socratis</strong></span> <span class='ocrx_word' id='word_1_59' title='bbox 598 1102 672 1171; x_wconf 90' lang='lat' dir='ltr'><strong>lata,</strong></span> <span class='ocrx_word' id='word_1_60' title='bbox 703 1119 793 1179; x_wconf 89' lang='lat' dir='ltr'><strong>quae,</strong></span> <span class='ocrx_word' id='word_1_61' title='bbox 822 1102 872 1163; x_wconf 93' lang='lat' dir='ltr'><strong>ubi</strong></span> <span class='ocrx_word' id='word_1_62' title='bbox 895 1110 1006 1183; x_wconf 90' lang='lat' dir='ltr'><strong>potest,</strong></span> <span class='ocrx_word' id='word_1_63' title='bbox 1036 1111 1157 1182; x_wconf 86' lang='lat' dir='ltr'><strong>tangore</strong></span> <span class='ocrx_word' id='word_1_64' title='bbox 1181 1106 1244 1165; x_wconf 86' lang='lat' dir='ltr'><strong>lere</strong></span> 
     </span>
     <span class='ocr_line' id='line_1_9' title="bbox 101 1211 1245 1294; baseline 0.002 -21"><span class='ocrx_word' id='word_1_65' title='bbox 101 1213 178 1274; x_wconf 90' lang='lat' dir='ltr'><strong>solet</strong></span> <span class='ocrx_word' id='word_1_66' title='bbox 198 1212 298 1284; x_wconf 91' lang='lat' dir='ltr'><strong>Plato,</strong></span> <span class='ocrx_word' id='word_1_67' title='bbox 322 1212 385 1283; x_wconf 90' lang='lat' dir='ltr'><strong>bic,</strong></span> <span class='ocrx_word' id='word_1_68' title='bbox 415 1229 592 1291; x_wconf 87' lang='lat' dir='ltr'><strong>quamquam</strong></span> <span class='ocrx_word' id='word_1_69' title='bbox 616 1229 674 1294; x_wconf 88' lang='lat' dir='ltr'><strong>non</strong></span> <span class='ocrx_word' id='word_1_70' title='bbox 698 1211 767 1272; x_wconf 92' lang='lat' dir='ltr'><strong>alibi</strong></span> <span class='ocrx_word' id='word_1_71' title='bbox 790 1214 884 1290; x_wconf 91' lang='lat' dir='ltr'><strong>magis</strong></span> <span class='ocrx_word' id='word_1_72' title='bbox 907 1212 1023 1275; x_wconf 84' lang='lat' dir='ltr'><strong>serebat</strong></span> <span class='ocrx_word' id='word_1_73' title='bbox 1044 1217 1175 1285; x_wconf 83' lang='lat' dir='ltr'><strong>occasio,</strong></span> <span class='ocrx_word' id='word_1_74' title='bbox 1207 1232 1245 1275; x_wconf 91' lang='lat' dir='ltr'><strong>no</strong></span> 
     </span>
     <span class='ocr_line' id='line_1_10' title="bbox 101 1321 1244 1404; baseline 0.003 -21"><span class='ocrx_word' id='word_1_75' title='bbox 101 1322 192 1385; x_wconf 83' lang='lat' dir='ltr'><strong>verbo</strong></span> <span class='ocrx_word' id='word_1_76' title='bbox 220 1323 340 1402; x_wconf 89' lang='lat' dir='ltr'><strong>quidem</strong></span> <span class='ocrx_word' id='word_1_77' title='bbox 368 1323 583 1401; x_wconf 85' lang='lat' dir='ltr'><strong>significantur:</strong></span> <span class='ocrx_word' id='word_1_78' title='bbox 612 1321 690 1383; x_wconf 91' lang='lat' dir='ltr'><strong>unde</strong></span> <span class='ocrx_word' id='word_1_79' title='bbox 718 1321 853 1401; x_wconf 87' lang='lat' dir='ltr'><strong>colligas,</strong></span> <span class='ocrx_word' id='word_1_80' title='bbox 884 1323 1016 1384; x_wconf 89' lang='lat' dir='ltr'><strong>nondum</strong></span> <span class='ocrx_word' id='word_1_81' title='bbox 1047 1332 1123 1393; x_wconf 92' lang='lat' dir='ltr'><strong>tum,</strong></span> <span class='ocrx_word' id='word_1_82' title='bbox 1153 1344 1244 1404; x_wconf 88' lang='lat' dir='ltr'><strong>quum</strong></span> 
     </span>
     <span class='ocr_line' id='line_1_11' title="bbox 101 1433 1245 1514; baseline 0.003 -20"><span class='ocrx_word' id='word_1_83' title='bbox 101 1433 284 1497; x_wconf 84' lang='lat' dir='ltr'><strong>scriberetur</strong></span> <span class='ocrx_word' id='word_1_84' title='bbox 306 1436 497 1513; x_wconf 83' lang='lat' dir='ltr'><strong>Protagoras,</strong></span> <span class='ocrx_word' id='word_1_85' title='bbox 529 1452 564 1493; x_wconf 84' lang='lat' dir='ltr'><strong>ex</strong></span> <span class='ocrx_word' id='word_1_86' title='bbox 587 1435 643 1494; x_wconf 86' lang='lat' dir='ltr'><strong>vita</strong></span> <span class='ocrx_word' id='word_1_87' title='bbox 672 1433 833 1495; x_wconf 87' lang='lat' dir='ltr'><strong>decessisse</strong></span> <span class='ocrx_word' id='word_1_88' title='bbox 857 1433 1019 1494; x_wconf 86' lang='lat' dir='ltr'><strong>Socratem.</strong></span> <span class='ocrx_word' id='word_1_89' title='bbox 1066 1435 1143 1507; x_wconf 85' lang='lat' dir='ltr'><strong>Ouid</strong></span> <span class='ocrx_word' id='word_1_90' title='bbox 1166 1437 1245 1514; x_wconf 92' lang='lat' dir='ltr'><strong>quod</strong></span> 
     </span>
     <span class='ocr_line' id='line_1_12' title="bbox 101 1543 1244 1624; baseline 0.003 -20"><span class='ocrx_word' id='word_1_91' title='bbox 101 1544 288 1615; x_wconf 82' lang='lat' dir='ltr'><strong>Charmides,</strong></span> <span class='ocrx_word' id='word_1_92' title='bbox 323 1546 374 1624; x_wconf 91' lang='lat' dir='ltr'><strong>qui</strong></span> <span class='ocrx_word' id='word_1_93' title='bbox 401 1551 499 1605; x_wconf 90' lang='lat' dir='ltr'><strong>tamen</strong></span> <span class='ocrx_word' id='word_1_94' title='bbox 529 1561 651 1605; x_wconf 88' lang='lat' dir='ltr'><strong>neeesse</strong></span> <span class='ocrx_word' id='word_1_95' title='bbox 680 1555 724 1604; x_wconf 91' lang='lat' dir='ltr'><strong>est</strong></span> <span class='ocrx_word' id='word_1_96' title='bbox 752 1550 820 1623; x_wconf 93' lang='lat' dir='ltr'><strong>post</strong></span> <span class='ocrx_word' id='word_1_97' title='bbox 846 1543 1037 1622; x_wconf 82' lang='lat' dir='ltr'><strong>Protagoram</strong></span> <span class='ocrx_word' id='word_1_98' title='bbox 1066 1547 1105 1606; x_wconf 90' lang='lat' dir='ltr'><strong>sit</strong></span> <span class='ocrx_word' id='word_1_99' title='bbox 1138 1546 1244 1616; x_wconf 89' lang='lat' dir='ltr'><strong>editus,</strong></span> 
     </span>
     <span class='ocr_line' id='line_1_13' title="bbox 101 1652 1244 1734; baseline 0.002 -18"><span class='ocrx_word' id='word_1_100' title='bbox 101 1665 170 1717; x_wconf 89' lang='lat' dir='ltr'><strong>ante</strong></span> <span class='ocrx_word' id='word_1_101' title='bbox 198 1655 368 1718; x_wconf 90' lang='lat' dir='ltr'><strong>anarchiam</strong></span> <span class='ocrx_word' id='word_1_102' title='bbox 397 1654 514 1715; x_wconf 88' lang='lat' dir='ltr'><strong>videtur</strong></span> <span class='ocrx_word' id='word_1_103' title='bbox 537 1672 602 1716; x_wconf 88' lang='lat' dir='ltr'><strong>esse</strong></span> <span class='ocrx_word' id='word_1_104' title='bbox 625 1655 774 1734; x_wconf 76' lang='lat' dir='ltr'><strong>scriptus?</strong></span> <span class='ocrx_word' id='word_1_105' title='bbox 797 1652 819 1731; x_wconf 83' lang='lat'><strong>²)</strong></span> <span class='ocrx_word' id='word_1_106' title='bbox 854 1655 924 1734; x_wconf 89' lang='lat' dir='ltr'><strong>qnid</strong></span> <span class='ocrx_word' id='word_1_107' title='bbox 948 1655 1027 1732; x_wconf 90' lang='lat' dir='ltr'><strong>quod</strong></span> <span class='ocrx_word' id='word_1_108' title='bbox 1050 1656 1244 1734; x_wconf 88' lang='lat' dir='ltr'><strong>Protagoram</strong></span> 
     </span>
     <span class='ocr_line' id='line_1_14' title="bbox 102 1764 1245 1845; baseline 0.003 -19"><span class='ocrx_word' id='word_1_109' title='bbox 102 1785 161 1828; x_wconf 88' lang='lat' dir='ltr'><strong>non</strong></span> <span class='ocrx_word' id='word_1_110' title='bbox 184 1765 341 1827; x_wconf 83' lang='lat' dir='ltr'><strong>verisimile</strong></span> <span class='ocrx_word' id='word_1_111' title='bbox 364 1773 409 1827; x_wconf 91' lang='lat' dir='ltr'><strong>est</strong></span> <span class='ocrx_word' id='word_1_112' title='bbox 431 1766 471 1826; x_wconf 89' lang='lat' dir='ltr'><strong>ita</strong></span> <span class='ocrx_word' id='word_1_113' title='bbox 493 1764 629 1826; x_wconf 92' lang='lat' dir='ltr'><strong>delusum</strong></span> <span class='ocrx_word' id='word_1_114' title='bbox 644 1764 750 1835; x_wconf 87' lang='lat' dir='ltr'><strong>luisse,</strong></span> <span class='ocrx_word' id='word_1_115' title='bbox 772 1766 831 1825; x_wconf 90' lang='lat' dir='ltr'><strong>nisi</strong></span> <span class='ocrx_word' id='word_1_116' title='bbox 854 1773 930 1835; x_wconf 91' lang='lat' dir='ltr'><strong>tum,</strong></span> <span class='ocrx_word' id='word_1_117' title='bbox 955 1784 1045 1845; x_wconf 89' lang='lat' dir='ltr'><strong>quum</strong></span> <span class='ocrx_word' id='word_1_118' title='bbox 1061 1766 1245 1829; x_wconf 87' lang='lat' dir='ltr'><strong>scriberetur</strong></span> 
     </span>
     <span class='ocr_line' id='line_1_15' title="bbox 102 1875 1244 1957; baseline 0 -19"><span class='ocrx_word' id='word_1_119' title='bbox 102 1876 249 1955; x_wconf 87' lang='lat' dir='ltr'><strong>dialogus,</strong></span> <span class='ocrx_word' id='word_1_120' title='bbox 273 1875 370 1937; x_wconf 89' lang='lat' dir='ltr'><strong>adhue</strong></span> <span class='ocrx_word' id='word_1_121' title='bbox 393 1882 471 1937; x_wconf 91' lang='lat' dir='ltr'><strong>esset</strong></span> <span class='ocrx_word' id='word_1_122' title='bbox 492 1876 523 1936; x_wconf 94' lang='lat' dir='ltr'><strong>in</strong></span> <span class='ocrx_word' id='word_1_123' title='bbox 546 1876 639 1936; x_wconf 78' lang='lat' dir='ltr'><strong>rivis?</strong></span> <span class='ocrx_word' id='word_1_124' title='bbox 669 1875 742 1947; x_wconf 82' lang='lat' dir='ltr'><strong>Quis</strong></span> <span class='ocrx_word' id='word_1_125' title='bbox 764 1876 843 1936; x_wconf 85' lang='lat' dir='ltr'><strong>enirn</strong></span> <span class='ocrx_word' id='word_1_126' title='bbox 864 1875 1040 1937; x_wconf 80' lang='lat' dir='ltr'><strong>defunctum</strong></span> <span class='ocrx_word' id='word_1_127' title='bbox 1063 1876 1128 1938; x_wconf 88' lang='lat' dir='ltr'><strong>data</strong></span> <span class='ocrx_word' id='word_1_128' title='bbox 1152 1896 1244 1957; x_wconf 90' lang='lat' dir='ltr'><strong>opera</strong></span> 
     </span>
     <span class='ocr_line' id='line_1_16' title="bbox 101 1985 1245 2068; baseline 0.001 -20"><span class='ocrx_word' id='word_1_129' title='bbox 101 1991 140 2048; x_wconf 87' lang='lat' dir='ltr'><strong>ita</strong></span> <span class='ocrx_word' id='word_1_130' title='bbox 164 1986 314 2056; x_wconf 90' lang='lat' dir='ltr'><strong>irridebit,</strong></span> <span class='ocrx_word' id='word_1_131' title='bbox 345 1987 424 2067; x_wconf 92' lang='lat' dir='ltr'><strong>quod</strong></span> <span class='ocrx_word' id='word_1_132' title='bbox 455 2004 552 2066; x_wconf 89' lang='lat' dir='ltr'><strong>neque</strong></span> <span class='ocrx_word' id='word_1_133' title='bbox 580 1985 743 2046; x_wconf 90' lang='lat' dir='ltr'><strong>humanum</strong></span> <span class='ocrx_word' id='word_1_134' title='bbox 772 1995 816 2046; x_wconf 91' lang='lat' dir='ltr'><strong>est</strong></span> <span class='ocrx_word' id='word_1_135' title='bbox 839 2004 935 2068; x_wconf 90' lang='lat' dir='ltr'><strong>neque</strong></span> <span class='ocrx_word' id='word_1_136' title='bbox 958 1985 1167 2067; x_wconf 82' lang='lat' dir='ltr'><strong>voluptuosum</strong></span> <span class='ocrx_word' id='word_1_137' title='bbox 1189 2007 1245 2049; x_wconf 91' lang='lat' dir='ltr'><strong>nec</strong></span> 
     </span>
     <span class='ocr_line' id='line_1_17' title="bbox 102 2095 1245 2178; baseline 0 -20"><span class='ocrx_word' id='word_1_138' title='bbox 102 2098 167 2159; x_wconf 92' lang='lat' dir='ltr'><strong>aliis</strong></span> <span class='ocrx_word' id='word_1_139' title='bbox 194 2115 249 2158; x_wconf 89' lang='lat' dir='ltr'><strong>nee</strong></span> <span class='ocrx_word' id='word_1_140' title='bbox 277 2098 391 2159; x_wconf 88' lang='lat' dir='ltr'><strong>auctori</strong></span> <span class='ocrx_word' id='word_1_141' title='bbox 413 2098 483 2176; x_wconf 92' lang='lat' dir='ltr'><strong>ipsi,</strong></span> <span class='ocrx_word' id='word_1_142' title='bbox 512 2098 543 2156; x_wconf 92' lang='lat' dir='ltr'><strong>iu</strong></span> <span class='ocrx_word' id='word_1_143' title='bbox 571 2097 635 2156; x_wconf 86' lang='lat' dir='ltr'><strong>vivo</strong></span> <span class='ocrx_word' id='word_1_144' title='bbox 664 2102 761 2157; x_wconf 91' lang='lat' dir='ltr'><strong>autem</strong></span> <span class='ocrx_word' id='word_1_145' title='bbox 790 2096 910 2157; x_wconf 90' lang='lat' dir='ltr'><strong>homine</strong></span> <span class='ocrx_word' id='word_1_146' title='bbox 939 2095 1131 2178; x_wconf 90' lang='lat' dir='ltr'><strong>multiplicem</strong></span> <span class='ocrx_word' id='word_1_147' title='bbox 1154 2097 1245 2159; x_wconf 89' lang='lat' dir='ltr'><strong>habet</strong></span> 
     </span>
     <span class='ocr_line' id='line_1_18' title="bbox 101 2206 1245 2287; baseline 0 -19"><span class='ocrx_word' id='word_1_148' title='bbox 101 2211 227 2287; x_wconf 87' lang='lat' dir='ltr'><strong>gratiam</strong></span> <span class='ocrx_word' id='word_1_149' title='bbox 250 2215 280 2268; x_wconf 91' lang='lat' dir='ltr'><strong>et</strong></span> <span class='ocrx_word' id='word_1_150' title='bbox 301 2207 536 2269; x_wconf 80' lang='lat' dir='ltr'><strong>iucunditatem?</strong></span> <span class='ocrx_word' id='word_1_151' title='bbox 565 2206 648 2278; x_wconf 85' lang='lat' dir='ltr'><strong>Quae</strong></span> <span class='ocrx_word' id='word_1_152' title='bbox 671 2207 697 2267; x_wconf 93' lang='lat' dir='ltr'><strong>si</strong></span> <span class='ocrx_word' id='word_1_153' title='bbox 720 2224 786 2267; x_wconf 88' lang='lat' dir='ltr'><strong>vera</strong></span> <span class='ocrx_word' id='word_1_154' title='bbox 810 2214 895 2277; x_wconf 90' lang='lat' dir='ltr'><strong>sunt,</strong></span> <span class='ocrx_word' id='word_1_155' title='bbox 919 2215 1001 2268; x_wconf 90' lang='lat' dir='ltr'><strong>certe</strong></span> <span class='ocrx_word' id='word_1_156' title='bbox 1023 2216 1093 2268; x_wconf 88' lang='lat' dir='ltr'><strong>ante</strong></span> <span class='ocrx_word' id='word_1_157' title='bbox 1115 2208 1245 2270; x_wconf 87' lang='lat' dir='ltr'><strong>Socratis</strong></span> 
     </span>
     <span class='ocr_line' id='line_1_19' title="bbox 103 2316 1290 2396; baseline 0.001 -17"><span class='ocrx_word' id='word_1_158' title='bbox 103 2317 216 2379; x_wconf 91' lang='lat' dir='ltr'><strong>obitum</strong></span> <span class='ocrx_word' id='word_1_159' title='bbox 240 2318 368 2396; x_wconf 90' lang='lat' dir='ltr'><strong>scriptus</strong></span> <span class='ocrx_word' id='word_1_160' title='bbox 390 2319 447 2377; x_wconf 89' lang='lat' dir='ltr'><strong>erit</strong></span> <span class='ocrx_word' id='word_1_161' title='bbox 469 2317 659 2394; x_wconf 89' lang='lat' dir='ltr'><strong>Protagoras:</strong></span> <span class='ocrx_word' id='word_1_162' title='bbox 684 2317 792 2396; x_wconf 89' lang='lat' dir='ltr'><strong>qnippe</strong></span> <span class='ocrx_word' id='word_1_163' title='bbox 815 2316 977 2395; x_wconf 85' lang='lat' dir='ltr'><strong>sophistam</strong></span> <span class='ocrx_word' id='word_1_164' title='bbox 999 2316 1049 2377; x_wconf 93' lang='lat' dir='ltr'><strong>diu</strong></span> <span class='ocrx_word' id='word_1_165' title='bbox 1072 2325 1140 2377; x_wconf 91' lang='lat' dir='ltr'><strong>ante</strong></span> <span class='ocrx_word' id='word_1_166' title='bbox 1162 2316 1244 2378; x_wconf 88' lang='lat' dir='ltr'><strong>illurn</strong></span> <span class='ocrx_word' id='word_1_167' title='bbox 1261 2333 1290 2381; x_wconf 88' lang='grc'><strong>11</strong></span> 
     </span>
     <span class='ocr_line' id='line_1_20' title="bbox 102 2421 1245 2506; baseline 0.001 -19"><span class='ocrx_word' id='word_1_168' title='bbox 102 2428 163 2488; x_wconf 88' lang='lat' dir='ltr'><strong>lato</strong></span> <span class='ocrx_word' id='word_1_169' title='bbox 187 2443 252 2488; x_wconf 85' lang='lat' dir='ltr'><strong>esse</strong></span> <span class='ocrx_word' id='word_1_170' title='bbox 274 2426 406 2487; x_wconf 87' lang='lat' dir='ltr'><strong>iunctum</strong></span> <span class='ocrx_word' id='word_1_171' title='bbox 429 2426 581 2504; x_wconf 87' lang='lat' dir='ltr'><strong>negaverit</strong></span> <span class='ocrx_word' id='word_1_172' title='bbox 602 2421 731 2500; x_wconf 71' lang='lat' dir='ltr'><strong>uemoll.</strong></span> <span class='ocrx_word' id='word_1_173' title='bbox 776 2426 872 2495; x_wconf 80' lang='lat' dir='ltr'><strong>Quum</strong></span> <span class='ocrx_word' id='word_1_174' title='bbox 902 2443 971 2485; x_wconf 87' lang='lat' dir='ltr'><strong>vero</strong></span> <span class='ocrx_word' id='word_1_175' title='bbox 996 2426 1162 2506; x_wconf 86' lang='lat' dir='ltr'><strong>Xenophon</strong></span> <span class='ocrx_word' id='word_1_176' title='bbox 1185 2427 1245 2488; x_wconf 89' lang='lat' dir='ltr'><strong>ble-</strong></span> 
     </span>
     <span class='ocr_line' id='line_1_21' title="bbox 105 2533 1246 2614; baseline 0.001 -16"><span class='ocrx_word' id='word_1_177' title='bbox 105 2534 275 2604; x_wconf 89' lang='lat' dir='ltr'><strong>morabilia.</strong></span> <span class='ocrx_word' id='word_1_178' title='bbox 310 2534 540 2597; x_wconf 89' lang='lat' dir='ltr'><strong>Oeconomicum</strong></span> <span class='ocrx_word' id='word_1_179' title='bbox 574 2542 604 2594; x_wconf 92' lang='lat' dir='ltr'><strong>et</strong></span> <span class='ocrx_word' id='word_1_180' title='bbox 631 2535 819 2614; x_wconf 76' lang='lat' dir='ltr'><strong>Symposium</strong></span> <span class='ocrx_word' id='word_1_181' title='bbox 850 2533 1072 2606; x_wconf 87' lang='lat' dir='ltr'><strong>conscriberet,</strong></span> <span class='ocrx_word' id='word_1_182' title='bbox 1107 2536 1246 2599; x_wconf 89' lang='lat' dir='ltr'><strong>Socrates</strong></span> 
     </span>
     <span class='ocr_line' id='line_1_22' title="bbox 103 2644 1245 2725; baseline 0 -17"><span class='ocrx_word' id='word_1_183' title='bbox 103 2650 161 2708; x_wconf 90' lang='lat' dir='ltr'><strong>iarn</strong></span> <span class='ocrx_word' id='word_1_184' title='bbox 184 2646 293 2708; x_wconf 91' lang='lat' dir='ltr'><strong>dudum</strong></span> <span class='ocrx_word' id='word_1_185' title='bbox 317 2646 371 2707; x_wconf 93' lang='lat' dir='ltr'><strong>luit</strong></span> <span class='ocrx_word' id='word_1_186' title='bbox 394 2644 542 2725; x_wconf 88' lang='lat' dir='ltr'><strong>supplicio</strong></span> <span class='ocrx_word' id='word_1_187' title='bbox 564 2646 696 2707; x_wconf 89' lang='lat' dir='ltr'><strong>allectus.</strong></span> <span class='ocrx_word' id='word_1_188' title='bbox 727 2646 784 2718; x_wconf 85' lang='lat' dir='ltr'><strong>Qui</strong></span> <span class='ocrx_word' id='word_1_189' title='bbox 806 2646 895 2723; x_wconf 89' lang='lat' dir='ltr'><strong>igitur</strong></span> <span class='ocrx_word' id='word_1_190' title='bbox 916 2646 946 2705; x_wconf 92' lang='lat' dir='ltr'><strong>in</strong></span> <span class='ocrx_word' id='word_1_191' title='bbox 969 2645 1129 2725; x_wconf 90' lang='lat' dir='ltr'><strong>Protagora</strong></span> <span class='ocrx_word' id='word_1_192' title='bbox 1145 2647 1245 2709; x_wconf 88' lang='lat' dir='ltr'><strong>Xeno·</strong></span> 
     </span>
     <span class='ocr_line' id='line_1_23' title="bbox 103 2755 1245 2839; baseline 0.002 -20"><span class='ocrx_word' id='word_1_193' title='bbox 103 2759 245 2839; x_wconf 88' lang='lat' dir='ltr'><strong>plrontem</strong></span> <span class='ocrx_word' id='word_1_194' title='bbox 268 2758 364 2837; x_wconf 93' lang='lat' dir='ltr'><strong>potuit</strong></span> <span class='ocrx_word' id='word_1_195' title='bbox 379 2756 462 2818; x_wconf 89' lang='lat' dir='ltr'><strong>Plato</strong></span> <span class='ocrx_word' id='word_1_196' title='bbox 485 2756 653 2833; x_wconf 81' lang='lat' dir='ltr'><strong>exagitaret</strong></span> <span class='ocrx_word' id='word_1_197' title='bbox 683 2755 756 2817; x_wconf 89' lang='lat' dir='ltr'><strong>Nam</strong></span> <span class='ocrx_word' id='word_1_198' title='bbox 779 2757 830 2834; x_wconf 88' lang='lat' dir='ltr'><strong>qui</strong></span> <span class='ocrx_word' id='word_1_199' title='bbox 852 2764 920 2836; x_wconf 85' lang='lat' dir='ltr'><strong>post</strong></span> <span class='ocrx_word' id='word_1_200' title='bbox 941 2757 1066 2836; x_wconf 88' lang='lat' dir='ltr'><strong>primam</strong></span> <span class='ocrx_word' id='word_1_201' title='bbox 1083 2756 1245 2821; x_wconf 90' lang='lat' dir='ltr'><strong>editionem</strong></span> 
     </span>
     <span class='ocr_line' id='line_1_24' title="bbox 102 2866 1245 2946; baseline 0.002 -17"><span class='ocrx_word' id='word_1_202' title='bbox 102 2872 209 2930; x_wconf 89' lang='lat' dir='ltr'><strong>iterum</strong></span> <span class='ocrx_word' id='word_1_203' title='bbox 232 2867 343 2929; x_wconf 90' lang='lat' dir='ltr'><strong>editum</strong></span> <span class='ocrx_word' id='word_1_204' title='bbox 366 2875 396 2929; x_wconf 89' lang='lat' dir='ltr'><strong>ot</strong></span> <span class='ocrx_word' id='word_1_205' title='bbox 409 2866 618 2946; x_wconf 89' lang='lat' dir='ltr'><strong>interpolatum</strong></span> <span class='ocrx_word' id='word_1_206' title='bbox 642 2886 658 2928; x_wconf 89' lang='lat' dir='ltr'><strong>a</strong></span> <span class='ocrx_word' id='word_1_207' title='bbox 674 2866 795 2928; x_wconf 86' lang='lat' dir='ltr'><strong>Platone</strong></span> <span class='ocrx_word' id='word_1_208' title='bbox 810 2867 1002 2946; x_wconf 84' lang='lat' dir='ltr'><strong>Protagoram</strong></span> <span class='ocrx_word' id='word_1_209' title='bbox 1018 2875 1048 2930; x_wconf 84' lang='lat' dir='ltr'><strong>et</strong></span> <span class='ocrx_word' id='word_1_210' title='bbox 1069 2868 1245 2931; x_wconf 83' lang='lat' dir='ltr'><strong>insecenda</strong></span> 
     </span>
    </p>

    <p class='ocr_par' dir='ltr' id='par_1_4' title="bbox 39 2965 1243 3277">
     <span class='ocr_line' id='line_1_25' title="bbox 39 2965 1243 3059; baseline 0 -18"><span class='ocrx_word' id='word_1_211' title='bbox 39 2965 46 2976; x_wconf 51' lang='lat'><strong>⁹</strong></span> <span class='ocrx_word' id='word_1_212' title='bbox 102 2980 159 3041; x_wconf 91' lang='lat' dir='ltr'><strong>hac</strong></span> <span class='ocrx_word' id='word_1_213' title='bbox 181 2977 310 3040; x_wconf 89' lang='lat' dir='ltr'><strong>editione</strong></span> <span class='ocrx_word' id='word_1_214' title='bbox 332 2977 465 3040; x_wconf 89' lang='lat' dir='ltr'><strong>additum</strong></span> <span class='ocrx_word' id='word_1_215' title='bbox 485 2975 566 3038; x_wconf 91' lang='lat' dir='ltr'><strong>illum</strong></span> <span class='ocrx_word' id='word_1_216' title='bbox 591 2976 688 3038; x_wconf 88' lang='lat' dir='ltr'><strong>locum</strong></span> <span class='ocrx_word' id='word_1_217' title='bbox 712 2976 781 3039; x_wconf 87' lang='lat' dir='ltr'><strong>velit</strong></span> <span class='ocrx_word' id='word_1_218' title='bbox 803 2978 999 3048; x_wconf 88' lang='lat' dir='ltr'><strong>contendere,</strong></span> <span class='ocrx_word' id='word_1_219' title='bbox 1024 2977 1061 3039; x_wconf 90' lang='lat' dir='ltr'><strong>ab</strong></span> <span class='ocrx_word' id='word_1_220' title='bbox 1084 2998 1119 3040; x_wconf 91' lang='lat' dir='ltr'><strong>eo</strong></span> <span class='ocrx_word' id='word_1_221' title='bbox 1142 2987 1243 3059; x_wconf 93' lang='lat' dir='ltr'><strong>postu·</strong></span> 
     </span>
     <span class='ocr_line' id='line_1_26' title="bbox 103 3073 1243 3170; baseline 0 -18"><span class='ocrx_word' id='word_1_222' title='bbox 103 3089 186 3160; x_wconf 87' lang='lat' dir='ltr'><strong>labo,</strong></span> <span class='ocrx_word' id='word_1_223' title='bbox 215 3096 247 3150; x_wconf 92' lang='lat' dir='ltr'><strong>ut</strong></span> <span class='ocrx_word' id='word_1_224' title='bbox 274 3089 342 3150; x_wconf 89' lang='lat' dir='ltr'><strong>huic</strong></span> <span class='ocrx_word' id='word_1_225' title='bbox 372 3097 431 3150; x_wconf 90' lang='lat' dir='ltr'><strong>tam</strong></span> <span class='ocrx_word' id='word_1_226' title='bbox 461 3073 636 3150; x_wconf 88' lang='lat' dir='ltr'><strong>temerariae</strong></span> <span class='ocrx_word' id='word_1_227' title='bbox 658 3089 823 3150; x_wconf 89' lang='lat' dir='ltr'><strong>sententiae</strong></span> <span class='ocrx_word' id='word_1_228' title='bbox 845 3107 904 3150; x_wconf 92' lang='lat' dir='ltr'><strong>uno</strong></span> <span class='ocrx_word' id='word_1_229' title='bbox 927 3097 978 3151; x_wconf 91' lang='lat' dir='ltr'><strong>aut</strong></span> <span class='ocrx_word' id='word_1_230' title='bbox 1000 3088 1094 3151; x_wconf 87' lang='lat' dir='ltr'><strong>altero</strong></span> <span class='ocrx_word' id='word_1_231' title='bbox 1117 3092 1243 3170; x_wconf 87' lang='lat' dir='ltr'><strong>patroci-</strong></span> 
     </span>
     <span class='ocr_line' id='line_1_27' title="bbox 104 3207 400 3277; baseline -0.01 -15"><span class='ocrx_word' id='word_1_232' title='bbox 104 3208 192 3262; x_wconf 90' lang='lat' dir='ltr'><strong>netur</strong></span> <span class='ocrx_word' id='word_1_233' title='bbox 214 3207 400 3277; x_wconf 89' lang='lat' dir='ltr'><strong>argumento.</strong></span> 
     </span>
    </p>

    <p class='ocr_par' dir='ltr' id='par_1_5' title="bbox 103 3310 1258 3941">
     <span class='ocr_line' id='line_1_28' title="bbox 187 3310 1243 3390; baseline 0 -18"><span class='ocrx_word' id='word_1_234' title='bbox 187 3311 349 3372; x_wconf 77' lang='lat' dir='ltr'><strong>Audiamus</strong></span> <span class='ocrx_word' id='word_1_235' title='bbox 376 3328 454 3371; x_wconf 91' lang='lat' dir='ltr'><strong>nnnc</strong></span> <span class='ocrx_word' id='word_1_236' title='bbox 481 3310 656 3371; x_wconf 82' lang='lat' dir='ltr'><strong>Cornarium</strong></span> <span class='ocrx_word' id='word_1_237' title='bbox 684 3310 799 3390; x_wconf 88' lang='lat' dir='ltr'><strong>incepta</strong></span> <span class='ocrx_word' id='word_1_238' title='bbox 835 3311 879 3370; x_wconf 85' lang='lat' dir='ltr'><strong>via</strong></span> <span class='ocrx_word' id='word_1_239' title='bbox 908 3319 1031 3372; x_wconf 90' lang='lat' dir='ltr'><strong>strenue</strong></span> <span class='ocrx_word' id='word_1_240' title='bbox 1058 3316 1243 3390; x_wconf 88' lang='lat' dir='ltr'><strong>pergentem.</strong></span> 
     </span>
     <span class='ocr_line' id='line_1_29' title="bbox 103 3419 1245 3500; baseline -0.002 -17"><span class='ocrx_word' id='word_1_241' title='bbox 103 3423 168 3484; x_wconf 89' lang='lat' dir='ltr'><strong>Nou</strong></span> <span class='ocrx_word' id='word_1_242' title='bbox 191 3424 222 3482; x_wconf 94' lang='lat' dir='ltr'><strong>in</strong></span> <span class='ocrx_word' id='word_1_243' title='bbox 245 3421 291 3482; x_wconf 92' lang='lat' dir='ltr'><strong>bis</strong></span> <span class='ocrx_word' id='word_1_244' title='bbox 314 3420 424 3490; x_wconf 90' lang='lat' dir='ltr'><strong>solum,</strong></span> <span class='ocrx_word' id='word_1_245' title='bbox 452 3421 563 3499; x_wconf 87' lang='lat' dir='ltr'><strong>inquit,</strong></span> <span class='ocrx_word' id='word_1_246' title='bbox 587 3439 661 3500; x_wconf 92' lang='lat' dir='ltr'><strong>quae</strong></span> <span class='ocrx_word' id='word_1_247' title='bbox 685 3440 720 3481; x_wconf 85' lang='lat' dir='ltr'><strong>ex</strong></span> <span class='ocrx_word' id='word_1_248' title='bbox 744 3419 943 3481; x_wconf 89' lang='lat' dir='ltr'><strong>aemulatione</strong></span> <span class='ocrx_word' id='word_1_249' title='bbox 966 3421 1091 3500; x_wconf 91' lang='lat' dir='ltr'><strong>quadam</strong></span> <span class='ocrx_word' id='word_1_250' title='bbox 1114 3420 1245 3484; x_wconf 90' lang='lat' dir='ltr'><strong>Platonis</strong></span> 
     </span>
     <span class='ocr_line' id='line_1_30' title="bbox 104 3529 1244 3612; baseline 0 -19"><span class='ocrx_word' id='word_1_251' title='bbox 104 3533 261 3612; x_wconf 79' lang='lat' dir='ltr'><strong>Symposio</strong></span> <span class='ocrx_word' id='word_1_252' title='bbox 289 3534 371 3612; x_wconf 90' lang='lat' dir='ltr'><strong>prius</strong></span> <span class='ocrx_word' id='word_1_253' title='bbox 400 3530 478 3593; x_wconf 89' lang='lat' dir='ltr'><strong>edito</strong></span> <span class='ocrx_word' id='word_1_254' title='bbox 500 3529 665 3610; x_wconf 88' lang='lat' dir='ltr'><strong>Xenophon</strong></span> <span class='ocrx_word' id='word_1_255' title='bbox 694 3532 843 3592; x_wconf 86' lang='lat' dir='ltr'><strong>contraria</strong></span> <span class='ocrx_word' id='word_1_256' title='bbox 866 3532 998 3611; x_wconf 91' lang='lat' dir='ltr'><strong>scripsit,</strong></span> <span class='ocrx_word' id='word_1_257' title='bbox 1026 3531 1079 3592; x_wconf 89' lang='lat' dir='ltr'><strong>sed</strong></span> <span class='ocrx_word' id='word_1_258' title='bbox 1103 3532 1191 3593; x_wconf 89' lang='lat' dir='ltr'><strong>etiam</strong></span> <span class='ocrx_word' id='word_1_259' title='bbox 1213 3534 1244 3593; x_wconf 94' lang='lat' dir='ltr'><strong>in</strong></span> 
     </span>
     <span class='ocr_line' id='line_1_31' title="bbox 104 3639 1244 3720; baseline -0.002 -17"><span class='ocrx_word' id='word_1_260' title='bbox 104 3646 156 3713; x_wconf 92' lang='lat' dir='ltr'><strong>iis,</strong></span> <span class='ocrx_word' id='word_1_261' title='bbox 179 3660 256 3720; x_wconf 69' lang='lat' dir='ltr'><strong>(puae</strong></span> <span class='ocrx_word' id='word_1_262' title='bbox 279 3640 358 3703; x_wconf 84' lang='lat' dir='ltr'><strong>velut</strong></span> <span class='ocrx_word' id='word_1_263' title='bbox 380 3640 499 3702; x_wconf 93' lang='lat' dir='ltr'><strong>aliunde</strong></span> <span class='ocrx_word' id='word_1_264' title='bbox 520 3649 636 3720; x_wconf 89' lang='lat' dir='ltr'><strong>sumpta</strong></span> <span class='ocrx_word' id='word_1_265' title='bbox 660 3642 741 3712; x_wconf 89' lang='lat' dir='ltr'><strong>citat,</strong></span> <span class='ocrx_word' id='word_1_266' title='bbox 772 3661 788 3702; x_wconf 91' lang='lat' dir='ltr'><strong>a</strong></span> <span class='ocrx_word' id='word_1_267' title='bbox 811 3639 934 3703; x_wconf 88' lang='lat' dir='ltr'><strong>Platone</strong></span> <span class='ocrx_word' id='word_1_268' title='bbox 956 3641 1114 3703; x_wconf 90' lang='lat' dir='ltr'><strong>dissentire</strong></span> <span class='ocrx_word' id='word_1_269' title='bbox 1137 3642 1244 3720; x_wconf 90' lang='lat' dir='ltr'><strong>depre-</strong></span> 
     </span>
     <span class='ocr_line' id='line_1_32' title="bbox 105 3750 1258 3832; baseline 0 -19"><span class='ocrx_word' id='word_1_270' title='bbox 105 3753 250 3815; x_wconf 92' lang='lat' dir='ltr'><strong>henditur.</strong></span> <span class='ocrx_word' id='word_1_271' title='bbox 304 3753 398 3814; x_wconf 91' lang='lat' dir='ltr'><strong>lluius</strong></span> <span class='ocrx_word' id='word_1_272' title='bbox 426 3752 471 3812; x_wconf 88' lang='lat' dir='ltr'><strong>rei</strong></span> <span class='ocrx_word' id='word_1_273' title='bbox 498 3750 666 3830; x_wconf 83' lang='lat' dir='ltr'><strong>exemplum</strong></span> <span class='ocrx_word' id='word_1_274' title='bbox 699 3771 734 3812; x_wconf 80' lang='lat' dir='ltr'><strong>es</strong></span> <span class='ocrx_word' id='word_1_275' title='bbox 761 3750 967 3832; x_wconf 83' lang='lat' dir='ltr'><strong>Xenophontis</strong></span> <span class='ocrx_word' id='word_1_276' title='bbox 993 3753 1132 3813; x_wconf 78' lang='lat' dir='ltr'><strong>Convicio</strong></span> <span class='ocrx_word' id='word_1_277' title='bbox 1159 3752 1258 3813; x_wconf 83' lang='lat' dir='ltr'><strong>allert‘</strong></span> 
     </span>
     <span class='ocr_line' id='line_1_33' title="bbox 104 3839 1245 3941; baseline -0.003 -17"><span class='ocrx_word' id='word_1_278' title='bbox 104 3863 177 3925; x_wconf 89' lang='lat' dir='ltr'><strong>haee</strong></span> <span class='ocrx_word' id='word_1_279' title='bbox 199 3861 333 3941; x_wconf 66' lang='lat' dir='ltr'><strong>verbali:</strong></span> <span class='ocrx_word' id='word_1_280' title='bbox 357 3860 475 3924; x_wconf 81' lang='grc' dir='ltr'><strong><em>Καίτοι</em></strong></span> <span class='ocrx_word' id='word_1_281' title='bbox 488 3839 689 3934; x_wconf 84' lang='grc' dir='ltr'><strong><em>Παυσανίας</em></strong></span> <span class='ocrx_word' id='word_1_282' title='bbox 709 3880 760 3941; x_wconf 75' lang='grc' dir='ltr'><strong>γε,</strong></span> <span class='ocrx_word' id='word_1_283' title='bbox 784 3855 802 3922; x_wconf 90' lang='grc' dir='ltr'>ὁ</span> <span class='ocrx_word' id='word_1_284' title='bbox 821 3852 1012 3941; x_wconf 79' lang='grc' dir='ltr'><strong>Ἀγάθωνος</strong></span> <span class='ocrx_word' id='word_1_285' title='bbox 1026 3860 1088 3921; x_wconf 81' lang='grc' dir='ltr'><strong>τοῦ</strong></span> <span class='ocrx_word' id='word_1_286' title='bbox 1103 3860 1245 3941; x_wconf 82' lang='grc' dir='ltr'><strong><em>ποιητοῦ</em></strong></span> 
     </span>
    </p>
   </div>
   <div class='ocr_carea' id='block_1_3' title="bbox 116 4005 331 4021">
    <p class='ocr_par' dir='ltr' id='par_1_6' title="bbox 116 4005 331 4021">
     <span class='ocr_line' id='line_1_34' title="bbox 116 4005 331 4021; baseline 0.005 -6"><span class='ocrx_word' id='word_1_287' title='bbox 116 4011 229 4017; x_wconf 67' lang='lat'><strong>„..—...</strong></span> <span class='ocrx_word' id='word_1_288' title='bbox 236 4005 331 4021; x_wconf 51' lang='lat'><strong>..-4-.</strong></span> 
     </span>
    </p>
   </div>
   <div class='ocr_carea' id='block_1_4' title="bbox 104 4095 1245 4504">
    <p class='ocr_par' dir='ltr' id='par_1_7' title="bbox 104 4095 1245 4249">
     <span class='ocr_line' id='line_1_35' title="bbox 174 4095 1245 4165; baseline 0.001 -16"><span class='ocrx_word' id='word_1_289' title='bbox 174 4103 199 4163; x_wconf 87' lang='lat'><strong>1)</strong></span> <span class='ocrx_word' id='word_1_290' title='bbox 218 4100 377 4151; x_wconf 82' lang='lat' dir='ltr'><strong>Summotim</strong></span> <span class='ocrx_word' id='word_1_291' title='bbox 395 4101 465 4152; x_wconf 81' lang='lat' dir='ltr'><strong>hoec</strong></span> <span class='ocrx_word' id='word_1_292' title='bbox 483 4100 583 4165; x_wconf 88' lang='lat' dir='ltr'><strong>repetii</strong></span> <span class='ocrx_word' id='word_1_293' title='bbox 601 4116 634 4150; x_wconf 84' lang='lat' dir='ltr'><strong>ex</strong></span> <span class='ocrx_word' id='word_1_294' title='bbox 652 4113 770 4149; x_wconf 83' lang='lat' dir='ltr'><strong>consors</strong></span> <span class='ocrx_word' id='word_1_295' title='bbox 788 4098 945 4149; x_wconf 85' lang='lat' dir='ltr'><strong>Heusdieni</strong></span> <span class='ocrx_word' id='word_1_296' title='bbox 964 4095 1028 4148; x_wconf 93' lang='lat' dir='ltr'><strong>libri</strong></span> <span class='ocrx_word' id='word_1_297' title='bbox 1046 4096 1119 4150; x_wconf 80' lang='lat' dir='ltr'><strong>Actis</strong></span> <span class='ocrx_word' id='word_1_298' title='bbox 1138 4098 1245 4150; x_wconf 76' lang='lat' dir='ltr'><strong>littera·</strong></span> 
     </span>
     <span class='ocr_line' id='line_1_36' title="bbox 104 4178 961 4249; baseline -0.004 -14"><span class='ocrx_word' id='word_1_299' title='bbox 104 4186 153 4235; x_wconf 90' lang='lat' dir='ltr'><strong>riis</strong></span> <span class='ocrx_word' id='word_1_300' title='bbox 169 4179 332 4235; x_wconf 87' lang='lat' dir='ltr'><strong>leneuslbua</strong></span> <span class='ocrx_word' id='word_1_301' title='bbox 351 4201 376 4236; x_wconf 80' lang='lat' dir='ltr'><strong>a.</strong></span> <span class='ocrx_word' id='word_1_302' title='bbox 396 4188 468 4239; x_wconf 83' lang='grc'>1809,</span> <span class='ocrx_word' id='word_1_303' title='bbox 488 4201 560 4235; x_wconf 87' lang='lat' dir='ltr'><strong>num.</strong></span> <span class='ocrx_word' id='word_1_304' title='bbox 579 4186 610 4234; x_wconf 82' lang='lat' dir='ltr'><strong>et</strong></span> <span class='ocrx_word' id='word_1_305' title='bbox 630 4185 735 4234; x_wconf 83' lang='lat' dir='ltr'><strong>inserta</strong></span> <span class='ocrx_word' id='word_1_306' title='bbox 755 4178 794 4248; x_wconf 91' lang='lat' dir='ltr'><strong>[p.</strong></span> <span class='ocrx_word' id='word_1_307' title='bbox 815 4184 862 4232; x_wconf 86' lang='grc'><strong>166</strong></span> <span class='ocrx_word' id='word_1_308' title='bbox 880 4181 961 4249; x_wconf 84' lang='lat' dir='ltr'><strong>sqq.].</strong></span> 
     </span>
    </p>

    <p class='ocr_par' dir='ltr' id='par_1_8' title="bbox 171 4268 901 4334">
     <span class='ocr_line' id='line_1_37' title="bbox 171 4268 901 4334; baseline -0.004 -14"><span class='ocrx_word' id='word_1_309' title='bbox 171 4269 198 4334; x_wconf 83' lang='lat'><strong>2)</strong></span> <span class='ocrx_word' id='word_1_310' title='bbox 217 4272 250 4320; x_wconf 88' lang='lat' dir='ltr'><strong>V.</strong></span> <span class='ocrx_word' id='word_1_311' title='bbox 269 4269 516 4322; x_wconf 82' lang='lat' dir='ltr'><strong>Schleiermscher.</strong></span> <span class='ocrx_word' id='word_1_312' title='bbox 534 4269 605 4322; x_wconf 83' lang='lat' dir='ltr'><strong>Plot.</strong></span> <span class='ocrx_word' id='word_1_313' title='bbox 625 4270 656 4319; x_wconf 89' lang='lat' dir='ltr'><strong>P.</strong></span> <span class='ocrx_word' id='word_1_314' title='bbox 673 4268 695 4318; x_wconf 92' lang='lat'><strong>1.</strong></span> <span class='ocrx_word' id='word_1_315' title='bbox 713 4268 745 4318; x_wconf 87' lang='grc' dir='ltr'><strong>Τ.</strong></span> <span class='ocrx_word' id='word_1_316' title='bbox 764 4269 798 4321; x_wconf 88' lang='lat' dir='ltr'><strong>ll.</strong></span> <span class='ocrx_word' id='word_1_317' title='bbox 817 4285 842 4333; x_wconf 93' lang='lat' dir='ltr'><strong>p.</strong></span> <span class='ocrx_word' id='word_1_318' title='bbox 862 4270 901 4322; x_wconf 87' lang='lat' dir='ltr'><strong>to.</strong></span> 
     </span>
    </p>

    <p class='ocr_par' dir='ltr' id='par_1_9' title="bbox 172 4353 728 4423">
     <span class='ocr_line' id='line_1_38' title="bbox 172 4353 728 4423; baseline -0.007 -17"><span class='ocrx_word' id='word_1_319' title='bbox 172 4355 197 4416; x_wconf 88' lang='grc'><strong>3)</strong></span> <span class='ocrx_word' id='word_1_320' title='bbox 216 4353 286 4405; x_wconf 88' lang='lat' dir='ltr'><strong>Vide</strong></span> <span class='ocrx_word' id='word_1_321' title='bbox 306 4371 376 4419; x_wconf 83' lang='lat' dir='ltr'><strong>queo</strong></span> <span class='ocrx_word' id='word_1_322' title='bbox 394 4355 452 4405; x_wconf 83' lang='lat' dir='ltr'><strong>dixi</strong></span> <span class='ocrx_word' id='word_1_323' title='bbox 470 4354 488 4404; x_wconf 88' lang='lat' dir='ltr'><strong>l.</strong></span> <span class='ocrx_word' id='word_1_324' title='bbox 507 4370 529 4407; x_wconf 91' lang='grc' dir='ltr'><strong>ο.</strong></span> <span class='ocrx_word' id='word_1_325' title='bbox 547 4371 574 4423; x_wconf 92' lang='lat' dir='ltr'><strong>p.</strong></span> <span class='ocrx_word' id='word_1_326' title='bbox 594 4354 650 4404; x_wconf 78' lang='lat'><strong>167.</strong></span> <span class='ocrx_word' id='word_1_327' title='bbox 670 4353 728 4410; x_wconf 84' lang='lat'><strong>168,</strong></span> 
     </span>
    </p>

    <p class='ocr_par' dir='ltr' id='par_1_10' title="bbox 171 4440 356 4504">
     <span class='ocr_line' id='line_1_39' title="bbox 171 4440 356 4504; baseline -0.005 -14"><span class='ocrx_word' id='word_1_328' title='bbox 171 4440 199 4504; x_wconf 81' lang='lat'><strong>4)</strong></span> <span class='ocrx_word' id='word_1_329' title='bbox 217 4440 296 4502; x_wconf 84' lang='lat' dir='ltr'><strong>vul,</strong></span> <span class='ocrx_word' id='word_1_330' title='bbox 315 4442 356 4492; x_wconf 80' lang='lat'><strong>32.</strong></span> 
     </span>
    </p>
   </div>
   <div class='ocr_carea' id='block_1_5' title="bbox 0 0 1444 4912">
    <p class='ocr_par' dir='ltr' id='par_1_11' title="bbox 0 0 1444 4912">
     <span class='ocr_line' id='line_1_40' title="bbox 0 0 1444 4912; baseline 0 0"><span class='ocrx_word' id='word_1_331' title='bbox 0 0 1444 4912; x_wconf 95' lang='lat' dir='ltr'><strong> </strong></span> 
     </span>
    </p>
   </div>
  </div>
 </body>
</html>
