2866 4912
79 442 148 506 τοῖν
169 437 432 525 ἀναβεβηκότων
453 439 546 527 παρὰ
566 444 723 527 βασιλέα,
753 440 789 522 ὃς
810 448 875 530 ἔφη
900 452 1088 534 παρελθεῖν
1110 450 1224 535 χώραν

79 552 172 616 πάνυ
194 547 325 635 πολλὴν
348 552 404 616 καλ
426 549 561 637 ἀγαθὴν
584 551 685 636 ἐγγὺς
706 551 892 640 ἡμερησίαν
915 554 1010 623 ὁδόν
1039 554 1084 643 ἣν
1107 565 1225 626 καλεῖν

79 659 157 740 τούς
180 660 380 745 ἐπιχωρίους
401 661 510 747 ζώνην
524 668 583 747 τῆς
597 665 761 748 βασιλέως
775 667 952 752 γυναικός,
976 682 1034 735 etc.
1076 671 1122 734 Οί
1139 668 1225 737 ἆνα-

78 773 260 859 βεβηκότες
286 769 377 854 παρὰ
404 769 466 837 τόν
493 759 635 857 βασιλέα
663 789 788 859 possunt
814 799 879 842 esse
907 787 972 844 noti
991 787 1050 863 aiii,
1079 788 1133 861 qui
1156 803 1225 848 cum

80 890 160 967 Cyro
184 887 321 965 profecti
344 894 426 948 sunt:
456 905 634 968 quamquem
662 898 815 969 exspectes
842 885 898 952 ἐπὶ
924 886 984 953 τόν
1011 892 1165 975 flaccida:
1195 903 1224 957 et
1239 910 1271 958 23

79 998 128 1060 ille
150 993 239 1079 ἀνὴρ
261 991 452 1072 ἀξιόπιστος
473 1015 533 1059 non
556 1017 627 1061 sane
644 1018 720 1061 unus
742 1009 788 1062 est
810 1001 943 1082 evulgo;
966 1005 1058 1065 irnrno
1081 1023 1114 1066 ea
1136 1005 1226 1067 verba

79 1117 218 1171 accurato
241 1108 432 1171 historiarum
454 1111 592 1189 scriptori
615 1112 742 1172 maxime
764 1113 952 1174 conueniunt.
996 1114 1071 1175 Hinc
1094 1114 1225 1176 Scholia·

79 1217 185 1298 stes¹):
220 1212 297 1298 περὶ
325 1216 545 1299 Ξενοφῶντος
573 1216 657 1300 φασί
675 1218 796 1301 Ιλέγειν
824 1217 944 1284 αὐτόν·
974 1209 1073 1297 οὗτος
1098 1218 1163 1306 γὰρ
1187 1221 1226 1287 ἐν

79 1331 120 1412 τῇ
146 1325 322 1411 Ἀναβάσει
350 1321 505 1410 ἱστόρησε
533 1324 573 1390 τοὶ
601 1331 747 1413 Περσων
775 1333 862 1410 κτλ,
896 1352 930 1394 ac
963 1333 1096 1414 prolecto
1129 1336 1226 1397 simile

20 1429 24 1439 ⁵
80 1442 151 1521 quid
174 1443 322 1523 reperitur
344 1442 375 1501 in
398 1440 611 1522 Xenophontea
635 1441 701 1522 Cyri
722 1440 961 1524 Expeditione²);
985 1463 1162 1526 quamquam
1185 1446 1227 1507 ibi

80 1561 194 1617 tantum
216 1554 346 1632 tangitur
369 1571 433 1622 res,
458 1570 545 1631 quarn
569 1552 598 1613 in
620 1550 771 1615 Alcibiade
792 1555 894 1634 priore
916 1553 1052 1634 pluribus
1072 1558 1227 1637 persequi·

79 1673 128 1727 tur
151 1664 303 1734 Socratem
328 1681 424 1742 neque
448 1681 484 1723 ex
498 1662 710 1743 Xenophonte,
734 1666 791 1725 nisi
813 1666 891 1726 iorte
906 1664 1079 1729 Scillnntem
1097 1667 1135 1728 ad
1158 1685 1226 1729 eum

79 1777 231 1856 proiectus
262 1783 339 1843 erat,
377 1774 479 1835 audire
508 1773 581 1834 baec
609 1781 726 1854 poterat
753 1775 842 1836 bomo
868 1775 1067 1839 Atheniensis.
1118 1777 1224 1849 Quare,

79 1888 170 1968 siquis
191 1879 270 1957 τούς
292 1877 544 1965 ἀναβεβηκότας
566 1877 657 1966 uacui
679 1881 820 1965 βασιλέα
843 1886 1035 1949 arbitrabitur
1058 1905 1123 1950 esse
1146 1887 1225 1967 lega·

81 2007 125 2058 tos
147 1998 184 2059 ad
206 2014 309 2076 regern
332 1995 452 2057 Persiae
474 1996 598 2072 missos,
622 1995 695 2058 nibil
717 1998 853 2075 equidem
877 1998 1026 2059 morabor.

163 2109 278 2169 Rursus
299 2106 377 2187 apud
399 2105 626 2185 Xenophontem
649 2106 779 2169 Platonis
800 2126 911 2169 nornen
932 2127 992 2169 non
1014 2110 1143 2188 reperiri
1158 2108 1227 2170 Gel-

79 2220 137 2281 lius
160 2216 313 2280 contendit
340 2217 386 2278 his
408 2216 521 2278 verbis:
557 2216 641 2288 „Qui
664 2217 701 2279 de
723 2217 928 2297 Xenophontis
950 2217 1140 2296 Platonisque
1168 2221 1227 2279 vita

81 2335 110 2390 et
132 2327 267 2389 muribus
289 2325 429 2407 pleraque
452 2327 551 2386 omnia
574 2328 802 2404 exquisitissime
823 2329 986 2407 scripsere,
1016 2347 1076 2389 non
1100 2327 1227 2389 abluisse

81 2437 118 2498 ab
141 2439 178 2498 iis
200 2442 298 2497 molus
321 2436 463 2516 quosdam
487 2437 591 2497 tacitos
613 2442 643 2496 et
664 2435 797 2497 occultos
825 2435 982 2498 simultatis
1011 2435 1226 2499 aemulationis·

81 2567 138 2630 que
161 2553 280 2609 mutuae
301 2553 492 2626 putaverunt,
518 2548 632 2608 eteius
654 2548 698 2608 rei
720 2555 894 2625 argumenta
917 2545 1061 2625 quaedam
1082 2548 1227 2610 coniecta·

80 2661 124 2720 ria
147 2677 183 2719 ex
206 2676 310 2719 eornm
332 2657 452 2737 scriptis
474 2655 671 2736 protulerunt.
702 2656 743 2717 lla
766 2666 836 2719 sunt
856 2655 992 2736 prolecto
1013 2655 1226 2729 huiuscemodi,

80 2770 159 2850 quod
182 2787 280 2849 neque
303 2785 320 2828 a
342 2765 464 2829 Platone
487 2769 518 2827 in
541 2774 584 2828 tot
607 2785 731 2828 numero
754 2765 837 2829 libris
859 2768 971 2828 mentio
999 2785 1124 2846 usquam
1150 2769 1225 2830 iacta

80 2882 118 2942 sit
140 2878 358 2959 Xenophontis
382 2895 479 2957 neque
500 2878 571 2939 item
595 2886 699 2939 contra
721 2877 757 2939 ab
781 2897 816 2939 eo
838 2879 869 2938 in
891 2879 954 2939 suis
975 2879 1060 2940 libris
1082 2878 1224 2950 Platonis,

80 3008 257 3070 quamquam
278 2999 404 3070 uterque
427 3006 461 3049 ac
484 2987 610 3050 maxime
625 2988 707 3049 Plato
730 2986 926 3068 complurium
949 2988 1079 3051 Socratis
1100 2997 1225 3051 sectato·

80 3120 147 3163 rum
169 3103 200 3160 in
223 3097 429 3169 sermonibus,
459 3117 533 3177 quos
555 3100 689 3178 scripsit,
720 3099 988 3160 commeminerit.“
1031 3101 1135 3160 Verius
1158 3099 1224 3161 llio·

79 3230 185 3291 genes:
219 3203 412 3291 ιλμωότεροίΙ
438 3227 474 3271 τε
508 3204 714 3287 Σωκράτους
746 3203 1033 3290 μνημονεύοντες,
1067 3201 1226 3290 ἀλλήλων

80 3317 248 3402 οὐδαμοῦ,
272 3313 362 3400 πλὴν
382 3318 546 3399 Ξενοφῶν
567 3313 753 3392 Πλάτωνος
775 3314 814 3380 ἐν
841 3316 941 3401 τρίτῳ
963 3311 1225 3399 ἀπομνημονευ-

78 3427 233 3515 petenen.
281 3431 318 3492 Et
344 3429 386 3492 ibi
413 3429 532 3511 quidem
560 3447 620 3489 non
649 3427 822 3508 simpliciter
848 3427 1015 3509 appellatur
1042 3427 1140 3500 Plato,
1172 3430 1225 3490 sed

149 3663 174 3728 l)
193 3678 218 3727 p.
237 3663 270 3713 '19
289 3659 332 3712 ed.
350 3657 457 3711 Ruhnk.
478 3655 517 3727 [p.
536 3658 586 3710 389
604 3657 648 3714 ed.
667 3655 799 3724 Bellen]
823 3658 884 3709 Non
902 3656 1043 3723 discrepat
1059 3655 1153 3722 glossa
1172 3655 1224 3706 Oo-

80 3749 150 3799 dicis
168 3747 283 3809 Veneti,
307 3744 341 3796 de
364 3761 416 3810 qno
434 3744 497 3795 vide
516 3742 667 3794 editionem
686 3745 925 3808 Niirnbergeneem
946 3739 1100 3809 [Anecdota
1119 3742 1225 3792 Graece

81 3831 309 3899 epruestantiee.
330 3828 393 3880 Itel.
418 3828 484 3882 bibl.
508 3828 587 3880 codd.
611 3828 759 3894 descripsit
781 3828 803 3880 1.
824 3828 855 3877 Ρ.
876 3826 1059 3886 Siebenhees,
1085 3825 1128 3878 ed.
1150 3825 1172 3873 I.
1192 3825 1223 3875 A.

81 3920 171 3981 Goez,
190 3915 310 3967 Norimb.
329 3930 353 3963 a.
373 3915 447 3965 1798.
466 3929 492 3979 p.
511 3910 567 3980 39].

84 4052 88 4061 ,
148 4002 175 4066 2)
194 4001 221 4064 1,
240 4002 269 4061 4,
287 4001 312 4051 9.
349 3998 391 4048 De
410 4013 438 4048 re
458 3998 493 4049 ei.
513 3999 576 4048 intt.
594 3998 660 4047 item
678 3994 846 4061 Weseeling.
865 3995 898 4047 Τ.
916 3995 943 4059 1,
961 4009 987 4059 p,
1006 3995 1048 4046 62.
1077 3994 1177 4045 Mutet.
1191 3994 1223 4044 V.

80 4090 114 4138 L.
132 4087 191 4148 XV,
211 4087 251 4137 10.
281 4084 403 4135 Brieson.
423 4081 457 4134 de
480 4082 557 4148 regie
573 4081 682 4133 Persen.
700 4081 858 4146 principatu
876 4080 902 4145 1,
921 4095 948 4145 p.
966 4080 1014 4130 163
1033 4082 1061 4129 et
1078 4079 1110 4129 de
1130 4094 1225 4129 recen·

81 4173 143 4223 tiori
165 4176 285 4236 tempore
308 4169 347 4220 Io.
370 4167 499 4220 Chardin.
522 4166 608 4217 deser.
630 4166 706 4216 Pers.
729 4165 761 4217 Τ.
779 4164 831 4228 VI,
855 4180 879 4215 ο.
898 4166 923 4218 7.
956 4164 1065 4215 Deinde
1084 4163 1117 4214 de
1135 4163 1225 4213 Xeno·

81 4258 182 4324 phonte
207 4257 234 4304 in
256 4254 448 4319 Peloponneso
472 4251 618 4302 exsulante
641 4265 667 4300 u.
686 4250 807 4303 duabsu.
830 4252 862 4312 V,
881 4253 911 4314 3,
930 4252 956 4305 ⁵1.
991 4249 1034 4300 Oi.
1052 4248 1092 4301 lo.
1111 4247 1226 4300 Menreii

79 4342 157 4394 lectt.
175 4341 231 4393 nte.
249 4339 282 4397 V,
301 4339 342 4388 2⁷.
381 4334 475 4402 [Thes.
493 4342 551 4390 eut.
571 4336 617 4388 Gr.
635 4335 690 4390 vol.
709 4338 733 4387 V
751 4351 778 4403 p.
799 4336 864 4387 1900
881 4331 946 4402 eq.].

148 4427 174 4492 3)
194 4428 274 4478 Mem.
293 4423 349 4487 111,
368 4422 397 4484 6,
418 4422 439 4477 1.
