2866 4912
656 154 806 254 —2-8—

163 359 406 441 Schneiderus¹):
440 380 477 423 ne
505 371 603 423 tamen
632 362 701 424 inde
728 361 907 424 simultatem
936 361 1071 442 colligas,
1105 370 1167 423 tum
1198 363 1317 445 epilogi

163 471 251 534 huius
279 481 341 534 tum
368 471 526 536 Alcibiadis
554 475 664 553 prioris
691 472 821 534 sublesta
853 472 940 534 obest
972 473 1057 534 tides:
1091 481 1317 556 praetereaque

162 601 239 664 quae
270 583 307 644 de
335 584 432 645 Persis
460 586 491 645 in
519 583 669 646 Alcibiade
698 586 798 663 priore
826 583 966 663 leguntur
992 583 1061 645 talia
1088 591 1173 654 sunt,
1209 591 1246 646 ut
1275 604 1316 647 ne

162 695 291 774 scriptor
319 695 436 772 quidem
465 696 527 775 ipse
556 713 590 754 ea
618 694 752 755 videatur
784 696 882 755 omnia
914 693 1092 766 credidisse;
1124 705 1317 776 quapropter

135 769 457 867 'Schleiermacherus
490 805 527 866 dc
558 805 762 885 Xenophontis
793 806 932 867 irrisione
965 803 1007 866 ibi
1040 804 1202 883 cogitabat,
1245 809 1316 888 ipse

163 923 262 976 tamnr
284 915 362 976 hauc
384 916 525 977 reiiciens
548 917 747 977 coniecturam
756 912 789 994 ²).

248 1024 407 1087 Videamus
430 1044 508 1087 nuuc
530 1024 609 1087 aliud
638 1025 794 1086 simultatis
825 1032 874 1087 aut
897 1023 1102 1088 aemulationis
1124 1026 1273 1089 iudicium
1297 1048 1316 1090 a

164 1134 258 1198 Gellio
287 1135 415 1197 allatum.
462 1136 661 1207 „Praeterea
691 1138 800 1216 pergit,
836 1143 940 1216 putant
966 1136 996 1196 id
1025 1155 1141 1217 quoque
1175 1136 1213 1197 ad
1243 1139 1314 1211 ista,

164 1265 240 1325 quae
271 1246 346 1316 diri,
376 1247 536 1316 accedere,
566 1247 643 1327 quod
673 1247 837 1326 Xenophon
866 1247 896 1308 in
925 1245 1026 1317 libris,
1055 1265 1129 1326 quos
1157 1247 1316 1310 dictorum

118 1376 149 1423 31
166 1364 253 1435 atquc
276 1359 423 1420 tactorum
440 1358 571 1420 Socratis
595 1359 824 1419 commentarios
839 1359 1020 1437 composuit,
1044 1365 1133 1437 negat
1154 1358 1316 1421 Socratem

165 1469 202 1530 de
225 1468 298 1530 caeli
319 1475 406 1549 atque
429 1476 552 1531 naturae
576 1470 671 1530 causis
698 1467 923 1546 rationibusque
946 1486 1075 1546 unquam
1099 1468 1314 1549 disputavisse:

165 1597 199 1641 ac
221 1597 259 1641 ne
282 1579 451 1660 disciplinas
474 1580 592 1660 quidem
616 1587 744 1649 ceteras,
774 1597 851 1658 quae
873 1572 1054 1661 paticipare
1077 1580 1183 1641 Graeci
1206 1582 1316 1660 appel·

165 1688 239 1760 lant,
262 1707 338 1770 quae
361 1689 396 1750 ad
420 1689 496 1751 bene
518 1689 661 1770 beateque
684 1689 839 1751 vivendum
863 1706 922 1750 non
944 1690 1145 1770 pertinerent,
1168 1698 1221 1751 aut
1243 1677 1317 1753 atti·

165 1800 243 1878 gisse
265 1807 316 1861 aut
338 1799 556 1881 comprobasse.
587 1801 761 1878 idcircoque
784 1801 911 1879 turpiter
933 1819 986 1863 eos
1001 1802 1120 1861 mentiri
1144 1800 1232 1872 dicit,
1258 1805 1318 1881 qui

165 1911 389 1972 dissertationes
416 1911 581 1973 istiusmodi
611 1912 725 1972 Socrati
754 1909 954 1972 attribuerint.
1005 1911 1085 1972 Haec
1113 1917 1228 1982 autem,
1266 1915 1317 1974 in-

166 2022 283 2102 quiunt,
308 2020 472 2102 Xenophon
488 2041 579 2102 quum
595 2022 725 2101 scripsit,
744 2019 897 2082 Platonem
915 2019 1049 2081 videlicet
1064 2001 1153 2092 notat,
1178 2023 1209 2082 iu
1225 2024 1318 2086 cuius

165 2129 250 2193 libris
272 2131 410 2193 Socrates
432 2133 469 2193 de
489 2132 608 2214 physica
633 2138 662 2193 et
684 2133 793 2193 musica
817 2139 848 2192 ct
868 2132 1029 2210 geometria
1045 2131 1197 2193 disserit.‘⁴
1235 2132 1316 2214 Rem

165 2243 310 2322 significat
326 2244 413 2305 etiam
425 2244 580 2321 Diogenes,
597 2245 681 2306 cuius
694 2242 781 2304 verba
797 2239 916 2321 supra³)
932 2241 1152 2320 adscripsimus.
1168 2222 1333 2306 Nituntur

166 2371 235 2414 vero
257 2353 330 2416 haec
353 2353 588 2416 Memorabilium
611 2352 680 2414 libri
703 2356 800 2431 quarti
823 2353 918 2431 capite
941 2353 1081 2430 septimo,
1104 2351 1156 2414 ubi
1170 2352 1316 2416 Socrates

165 2464 439 2526 mathematicarum
467 2464 667 2542 similiumque
695 2463 918 2543 disciplinarum
951 2468 1137 2542 contemptor
1166 2462 1316 2542 quodam-

166 2575 253 2637 modo
276 2575 383 2637 dicitur
405 2575 510 2645 luisse,
538 2574 634 2653 qualis
655 2576 718 2654 ipse
741 2580 805 2634 erat
827 2573 1008 2653 Xenophon:
1038 2590 1216 2653 quamquam
1243 2576 1314 2635 atti·

165 2687 244 2764 gisse
267 2703 316 2746 eas
331 2685 499 2754 Socratem,
522 2685 613 2744 immo
635 2685 666 2744 in
690 2700 739 2744 eas
754 2681 840 2744 altius
861 2692 1048 2763 penetrasse,
1072 2702 1127 2762 pro
1150 2684 1239 2743 animi
1264 2687 1314 2746 sui

165 2796 339 2856 sinceritate
363 2794 535 2874 incorrupta
559 2792 695 2855 concedit
710 2790 851 2874 auctor⁴).
883 2792 958 2862 Ouid
974 2795 1063 2871 igitur
1079 2792 1186 2855 horum
1200 2801 1312 2874 'potest

166 2904 305 2966 adversus
320 2904 472 2966 Platonem
488 2903 667 2985 disputatum
684 2922 762 2975 esse,
787 2903 972 2982 quiquidem
989 2905 1067 2983 ipse,
1092 2902 1197 2965 morali
1212 2903 1312 2983 philo·

167 3016 289 3096 sophiae
312 3035 378 3077 cum
401 3015 523 3077 Socrate
544 3016 744 3096 principatum
766 3014 915 3085 tribuens,
944 3014 1022 3074 haud
1051 3014 1144 3076 semel
1171 3014 1311 3086 ostendit,

167 3128 223 3187 nisi
246 3126 281 3187 ad
306 3124 440 3188 virtulem
470 3133 500 3187 et
525 3127 699 3204 sapientiam
728 3125 813 3186 utiles
840 3126 898 3187 sint
926 3125 1093 3194 doctrinae,
1121 3123 1232 3186 nullius
1260 3142 1313 3187 eas

168 3254 232 3298 esse
255 3238 360 3316 pretii?
389 3236 534 3317 Equidem
557 3255 594 3297 ue
617 3254 707 3297 unum
724 3235 843 3315 quidem
865 3237 983 3297 invenio
998 3234 1136 3304 verbum,
1161 3234 1253 3315 quod,
1279 3245 1314 3296 ut

168 3348 204 3408 de
220 3345 341 3408 Platone
364 3349 505 3426 cogitem,
529 3347 645 3408 eiliciat.
676 3347 727 3407 Sin
751 3356 849 3407 autem
871 3345 1012 3407 artrersus
1034 3343 1126 3406 ullum
1143 3345 1312 3425 Xenophon

167 3460 343 3539 scriptorem
359 3458 432 3519 haec
448 3454 619 3537 protulerit,
643 3456 845 3536 Aristophanis
860 3458 957 3536 potius
972 3454 1074 3517 Nubes
1088 3464 1188 3536 putem
1207 3473 1311 3535 respe-

167 3578 246 3639 ctas:
269 3586 445 3648 quamquam
469 3586 530 3629 non
553 3587 587 3630 ex
604 3568 651 3628 his
667 3575 828 3648 propagata
844 3567 918 3628 haec
941 3574 986 3627 est
1008 3565 1045 3626 de
1060 3566 1184 3628 Socrate
1199 3568 1311 3646 opinio,

167 3679 219 3740 sed
240 3687 318 3750 tum,
342 3698 433 3759 quum
450 3697 483 3739 ea
499 3677 597 3741 sabula
612 3680 643 3739 iu
659 3697 748 3741 scena
763 3679 1009 3747 committeretur,
1033 3675 1203 3756 pervulgata
1222 3678 1312 3737 inerit

167 3807 290 3852 necesse
313 3797 366 3851 est.

168 3932 396 3945 ——ss

238 4027 263 4090 l)
283 4028 378 4078 Praei.
396 4029 432 4080 sd
450 4027 550 4093 Cyrop.
569 4043 596 4092 p.
615 4027 674 4079 XV.

236 4111 264 4175 2)
282 4112 323 4163 Aa
340 4113 415 4168 Pisi.
432 4113 464 4167 P.
483 4112 519 4163 11.
538 4112 570 4163 Τ.
590 4111 640 4162 111.
660 4127 686 4178 p.
706 4111 765 4161 516.

237 4198 265 4260 3)
285 4195 323 4264 tr·
342 4200 356 4248 ⁷
374 4219 408 4240 =
424 4195 463 4266 4]-
1010 4265 1016 4278 ‚

237 4279 264 4346 4)
282 4284 324 4334 De
337 4283 468 4334 universa
486 4298 515 4333 re
530 4281 591 4334 vide
604 4281 715 4348 egregie
728 4278 915 4347 disputantem
927 4278 1168 4344 Hindenburgium
1181 4277 1216 4327 ad
1229 4277 1311 4328 Mem.

168 4365 216 4426 IV,
235 4367 258 4418 't.
652 4391 654 4394 ·
