2866 4912
670 138 711 202 38

118 344 276 412 habemus,
301 355 362 404 tom
386 344 517 422 singulas
533 344 682 405 doctrinas
698 344 855 423 plerasque
878 343 1005 424 plurium
1031 352 1153 407 tuemur
1179 351 1276 427 magi·

118 462 247 514 strorum
272 454 438 533 disciplina.
484 457 592 515 Verum
617 455 653 515 de
677 457 712 514 iis
734 455 821 524 loeis,
845 457 978 534 'quorum
1002 473 1069 514 curn
1093 455 1188 517 huius
1212 461 1278 520 aevi

118 565 278 624 academiis
293 563 388 644 aliqua
405 573 450 626 est
464 564 639 634 similitudo,
656 561 839 642 Strabonis¹)
863 562 1062 625 memorabilis
1077 573 1159 626 extat
1177 567 1277 629 locus.

119 674 383 744 „Tarsensibus“,
407 676 517 754 inquit,
549 682 688 742 „tantum
713 683 757 735 est
779 672 984 753 philosophiae
1006 673 1137 736 studium
1161 685 1194 736 et
1219 677 1278 738 hu-

119 786 266 847 manitatis
289 785 453 844 litterarum
478 787 539 845 sive
563 780 746 863 ἐγκυκλίου
776 781 945 862 παιδείας,
974 793 1006 843 ut
1034 785 1114 863 ipsas
1138 785 1279 849 Athenas

119 903 148 956 et
163 895 369 957 Alexandriam
393 896 521 954 vineant.
552 892 626 955 lllud
650 897 789 963 interest,
813 892 891 972 quod
908 894 991 954 Tarsi
1014 895 1065 979 qui
1089 896 1146 955 ista
1170 899 1277 959 studia

119 1005 234 1078 colunt,
260 1005 324 1065 iere
339 1011 408 1064 sunt
423 1003 587 1082 indigenae,
610 1007 762 1085 peregrini
779 1024 838 1065 non
855 1004 918 1067 iere
937 1024 972 1066 eo
990 1005 1148 1074 ventitaut;
1173 1025 1279 1087 neque

120 1134 191 1175 vero
213 1114 256 1174 illi
280 1114 360 1173 domi
384 1099 535 1182 desident,
559 1113 626 1183 sed,
650 1123 682 1175 ut
704 1116 918 1194 perlectionem
942 1122 1171 1192 consequantur,
1204 1137 1279 1197 per·

121 1244 192 1302 egre
221 1223 333 1284 abeunt
359 1224 552 1302 perlectoque
581 1223 687 1285 exculti
716 1226 745 1283 in
775 1223 879 1285 alienis
907 1226 979 1285 locis
1008 1230 1163 1286 versantur
1191 1227 1277 1289 haud

120 1337 219 1403 inviti,
244 1335 365 1394 domum
389 1332 517 1394 redeunt
540 1337 690 1414 perpauci.
736 1335 768 1395 ln
796 1342 911 1394 ceteras
938 1341 1040 1394 contra
1069 1333 1162 1395 urbes
1186 1338 1279 1398 multi

121 1446 257 1505 homines
278 1444 506 1523 proficiscuntur
529 1463 562 1504 ae
585 1443 713 1505 libenter
736 1444 778 1504 ibi
800 1452 1029 1514 curumorantur,
1059 1445 1277 1524 indigenarum

120 1573 191 1615 vero
221 1572 330 1633 paucos
358 1552 465 1615 videris
493 1563 542 1614 aut
570 1555 626 1615 alio
657 1556 803 1634 proticisci
837 1554 1011 1615 eruditionis
1039 1572 1126 1614 causa
1156 1565 1211 1616 aut
1245 1560 1278 1619 in

120 1664 213 1743 patria
237 1661 346 1724 litteris
374 1683 495 1744 operam
525 1664 604 1725 dare.
652 1665 729 1725 Solis
751 1664 959 1726 Alexandrinis
987 1673 1146 1742 utrumque
1174 1673 1278 1729 conti·

120 1776 176 1851 git;
202 1791 269 1834 nam
293 1782 323 1833 et
344 1774 454 1836 multos
477 1777 626 1855 recipiunt
642 1777 818 1854 peregrinos
841 1784 871 1835 et
892 1792 1013 1835 suorum
1029 1776 1169 1837 emittunt
1192 1771 1278 1840 haud

120 1892 263 1962 paucos.“
303 1883 362 1944 lam
385 1886 408 1943 si
434 1903 497 1952 eas,
522 1885 628 1963 quibus
651 1885 808 1946 Germania
831 1884 937 1952 claret,
963 1885 1169 1945 universitates
1193 1886 1279 1950 litte·

120 1994 214 2053 rarius
237 2012 303 2054 eum
328 1997 456 2072 antiquis
479 1994 537 2054 illis
557 1994 710 2054 doctrinae
733 1996 889 2074 emporiis,
913 2003 1053 2073 quantum
1078 2013 1131 2073 per
1155 2002 1277 2078 tempo·

120 2122 187 2163 rurn
210 2102 410 2165 diversitatem
435 2104 515 2172 licet,
546 2123 764 2183 comparemus:
795 2123 872 2184 quae
895 2103 929 2162 ad
954 2104 1143 2165 Tarsensium
1166 2120 1274 2170 sectae

120 2213 342 2275 similitudinem
366 2215 502 2284 accedat,
533 2216 717 2293 reperiemus
740 2212 864 2282 nullam;
894 2233 970 2294 quae
994 2213 1166 2292 Apolloniae
1188 2227 1275 2280 cete·

121 2341 282 2402 rarumque
305 2326 416 2386 similes
438 2329 511 2394 sint,
536 2325 611 2385 haud
636 2345 759 2404 paneas:
784 2323 1050 2385 Alexandrinorum
1075 2344 1144 2384 vero
1167 2329 1273 2390 studia

120 2435 194 2497 haec
222 2438 407 2514 potissimum
436 2436 516 2514 regia
546 2435 617 2495 urbs
646 2435 761 2496 videtur
789 2435 919 2504 reterre,
951 2437 1037 2495 euius
1066 2452 1144 2496 nunc
1168 2436 1275 2500 adole·

120 2553 251 2613 scentes,
282 2563 372 2621 qutun
400 2544 469 2604 olim
494 2553 613 2605 exterae
641 2545 760 2606 scholae
783 2545 929 2623 indigenis
957 2552 1055 2605 essent
1082 2546 1273 2618 interdictae,

122 2674 191 2733 pars
214 2652 330 2715 liberali
345 2656 555 2733 sapientissimi
571 2653 658 2733 Regis
680 2654 862 2733 indulgentia
880 2658 923 2715 usi
940 2662 1022 2716 extra
1038 2655 1163 2734 patriam
1180 2675 1274 2735 prae·

121 2766 259 2827 stantium
289 2766 419 2824 virorum
449 2763 603 2842 disciplina
631 2765 778 2834 fruuntur,
808 2783 877 2843 pars
904 2764 980 2844 apud
1010 2784 1063 2825 nos
1093 2768 1274 2843 preregrinus

122 2872 290 2952 coniplures
306 2873 470 2934 studiorum
487 2891 607 2934 suorum
625 2877 722 2935 socios
738 2874 930 2951 aemulosque
943 2875 1066 2945 hahent;
1084 2874 1162 2935 unde
1178 2895 1273 2955 auge·

122 2984 217 3044 scenti
239 2984 268 3042 in
293 2983 354 3044 dies
369 2984 517 3045 Musarum
541 2984 690 3044 domicilio
713 2985 781 3045 huie
805 2986 932 3046 luturam
955 2985 1186 3062 magnitudinem
1210 2989 1272 3050 iam

123 3111 182 3152 non
205 3094 345 3162 ominari,
369 3094 421 3154 sed
444 3092 585 3172 gratulari
608 3095 652 3156 las
674 3103 727 3154 est.

208 3202 291 3273 Quod
314 3212 465 3282 superest,
490 3204 678 3266 cohortamur
701 3223 765 3274 vos,
789 3205 868 3264 cives
884 3204 1084 3275 dilectissimi,
1109 3216 1155 3275 ut,
1178 3226 1271 3286 quarn

122 3314 197 3373 vitae
224 3315 436 3392 integritatem,
468 3334 555 3395 quam
586 3333 699 3376 morum
729 3315 918 3384 modestiam,
948 3334 1034 3394 quam
1063 3316 1269 3387 assiduitatem

124 3424 288 3484 studiorum
311 3426 499 3503 praestitistis
515 3425 681 3504 hucusque,
706 3426 830 3486 eandem
847 3427 876 3485 in
895 3435 1049 3505 posterum
1066 3429 1191 3487 teneatis
1207 3429 1270 3489 ior-

111 3536 248 3611 titerque
273 3542 443 3595 nascentem
460 3535 633 3596 Academiae
656 3536 743 3596 huius
764 3534 881 3596 laudem
906 3544 935 3595 et
957 3536 1086 3615 ipsarum
1104 3535 1268 3600 litterarum

121 3644 211 3704 decus
235 3647 385 3705 tueamini.
424 3645 532 3706 Valete.
557 3645 622 3705 Ser.
646 3664 684 3704 ιιι.
711 3644 873 3706 Februario
896 3664 921 3704 a.
947 3645 1119 3707 Mucccxl.
1143 3649 1172 3706 in
1198 3648 1268 3709 Uni·

121 3757 260 3815 versitate
282 3755 422 3816 litteraria
447 3754 643 3816 Berolinensi.

191 3989 215 4052 1)
234 3992 295 4045 Lib.
316 3993 379 4042 XIV
397 4008 422 4057 p.
442 3995 490 4042 991
510 3992 552 4043 ed.
571 3992 721 4043 Amstelod.
743 3989 780 4058 [p.
799 3994 849 4043 673
867 3992 910 4042 ed.
930 3992 1062 4059 Cosano]

579 4232 806 4240 ———--—--—
