2866 4912
153 428 211 489 illis
234 431 343 489 mirum
368 437 509 504 quantum
534 425 759 506 discrepabant?
788 426 862 496 Quid
886 445 1155 487 commemoremus
1178 425 1316 497 Thalen,

153 538 421 606 Anaximandrum,
451 539 677 606 Anaximenem,
708 534 901 605 Heraclitum,
935 539 1154 614 Anaxagoram,
1190 537 1316 600 Arche-

115 650 132 697 4
155 646 253 708 laum?
275 647 346 727 quid
368 645 592 726 Xenophanem,
616 645 774 716 llclissum,
799 646 1014 716 l‘armenidem,
1038 648 1212 708 Zenonem?
1239 649 1316 726 quid

153 757 365 837 Pythagoram,
389 758 552 826 Timaeum,
576 756 751 827 Philolaum,
775 757 933 836 Archytam
956 766 1130 835 ceterosque
1153 757 1313 838 Pythago·

152 870 249 930 ricosl
272 868 341 947 quid
359 868 513 928 Socratem
538 876 567 927 et
588 867 753 937 Platonem,
777 870 825 927 cui
847 884 906 927 non
930 867 1025 928 solum
1041 867 1225 946 elegantiam
1243 889 1314 932 ver·

152 977 275 1048 bordm,
299 978 352 1040 sed
375 995 519 1039 summam
544 979 631 1039 etiam
654 976 823 1056 disputandi
845 976 1052 1047 subtilitatem,
1083 997 1141 1058 quo
1174 979 1313 1059 quisque

153 1109 220 1150 eum
246 1088 352 1150 melius
375 1089 503 1158 noverit,
528 1105 563 1146 eo
587 1087 663 1148 solet
685 1089 779 1164 magis
802 1087 985 1147 concedere?
1007 1088 1077 1166 quid
1101 1088 1227 1148 tandem
1253 1089 1313 1149 So·

152 1200 280 1267 creticae
303 1198 533 1275 Platonicaeque
555 1199 715 1277 sapientiae
737 1196 898 1278 discipulos
924 1197 1134 1277 aemulosque?
1172 1197 1312 1261 'l'antiue

153 1309 265 1386 ingenii
291 1307 442 1375 homines.
473 1327 563 1388 quum
591 1306 644 1367 alia
673 1308 799 1385 quisque
827 1309 943 1368 ratione
972 1307 1009 1368 de
1038 1308 1174 1370 maximis
1204 1318 1314 1371 essent

154 1419 244 1481 rebus
265 1417 479 1497 philosophati,
503 1425 600 1478 umen
623 1418 686 1478 lere
709 1416 841 1496 singulos
864 1436 928 1478 eam
952 1420 1083 1479 tenuisse
1106 1421 1202 1490 viam,
1230 1438 1314 1499 quae

155 1530 268 1610 patriae
290 1546 362 1589 suae
384 1528 480 1605 gentis
502 1529 622 1607 propria
646 1535 725 1589 esset
752 1536 781 1589 et
807 1527 985 1608 peculiaris?
1029 1529 1126 1600 Ouum
1149 1547 1224 1589 vero
1249 1551 1312 1594 una

156 1639 319 1718 eademque
342 1657 406 1708 ars,
430 1646 519 1716 prout
542 1637 676 1715 singulae
698 1644 802 1715 gentes
823 1637 881 1698 sihi
904 1645 989 1699 erant
1010 1637 1182 1710 alieniores,
1209 1659 1249 1702 eo
1274 1643 1313 1703 ah

156 1753 191 1810 iis
214 1750 337 1810 traxerit
359 1746 489 1809 colorem
514 1749 606 1826 nrags
629 1747 793 1816 diversum3
818 1767 922 1810 rursus
945 1767 997 1810 eae
1012 1757 1106 1819 artes,
1129 1769 1209 1828 quae
1232 1751 1314 1813 laxis

157 1859 316 1920 admodum
339 1876 490 1920 connexae
513 1861 703 1938 reperiuntur
726 1857 865 1928 vinculis,
889 1861 914 1920 si
939 1858 977 1920 ah
1000 1859 1102 1920 eadem
1127 1859 1313 1925 colebantur

156 1977 258 2049 gente,
281 1978 390 2033 tanum
415 1976 518 2030 nacho
540 1977 609 2030 sunt
631 1987 690 2029 non
715 1968 803 2029 modo
819 1977 988 2040 externam,
1012 1970 1062 2030 sed
1086 1970 1115 2031 in
1131 1989 1240 2033 earum
1265 1975 1313 2034 in·

157 2081 267 2142 teriore
290 2088 393 2141 natura
418 2079 541 2140 defixam
564 2078 801 2149 similitudinem,
830 2087 862 2141 ut
888 2080 944 2141 deo
971 2081 1069 2159 potius
1091 2084 1223 2152 auctori,
1256 2085 1314 2146 ahs

156 2210 216 2271 quo
245 2190 426 2252 descendere
454 2189 576 2249 caelitus
604 2189 788 2251 harmoniam
818 2188 935 2251 dicebat
964 2186 1183 2268 Aristotelem),
1214 2211 1313 2270 quam

156 2302 285 2363 humano
307 2302 429 2361 artificio
453 2299 556 2360 deberi
579 2308 677 2361 tantus
700 2300 834 2362 rideatur
850 2309 1021 2362 concentus.
1053 2300 1110 2361 Sed
1134 2299 1225 2362 huius
1251 2304 1314 2366 loci

157 2429 216 2473 non
239 2419 285 2472 est
306 2410 463 2491 exspatiari
484 2410 514 2470 in
539 2428 580 2479 re,
605 2429 680 2490 cquae
704 2412 820 2471 nonnisi
837 2409 998 2472 multarum
1014 2430 1117 2473 rerum
1133 2413 1314 2490 cognitione

156 2507 293 2583 abstrusa
315 2529 496 2599 strenuaque
517 2522 766 2600 pervestigatione
793 2520 892 2601 paullo
914 2529 1003 2601 queat
1024 2524 1178 2602 penetrari
1207 2523 1313 2598 altius,

159 2640 331 2710 tantumque
353 2629 443 2699 absit,
472 2639 505 2690 ut
533 2650 588 2691 avua
618 2639 648 2690 et
675 2630 766 2692 altera
795 2630 905 2692 absolvi
935 2639 1024 2710 queat
1045 2633 1164 2713 pagina,
1197 2634 1247 2695 vix
1281 2646 1315 2698 ut

159 2741 272 2818 magnis
295 2738 427 2800 videatur
451 2738 647 2801 voluminibus
668 2759 756 2820 posse
779 2741 1000 2819 comprehendi.

243 2849 355 2921 Quodsi
376 2867 568 2928 quaeremus,
591 2852 683 2920 cives,
713 2870 766 2912 cur
795 2852 873 2932 apud
897 2872 950 2913 nos
978 2851 1171 2933 plurimarum
1196 2858 1315 2920 artium

158 2958 287 3022 conditio
310 2959 461 3020 devenerit
477 2979 527 3030 co,
550 2969 582 3020 ut
597 2960 706 3021 nullam
723 2960 834 3022 habere
851 2962 1005 3023 videantur
1023 2965 1163 3043 patriam,
1188 2965 1314 3030 nullum

158 3069 256 3131 natale
277 3071 389 3145 solum,
413 3069 493 3150 quod
515 3068 620 3131 iuverit
643 3089 745 3132 earum
769 3073 896 3143 semina,
919 3071 1045 3147 tenellos·
1061 3074 1220 3135 nutriverit
1238 3096 1314 3139 sur·

159 3179 255 3249 culos,
280 3181 408 3242 erexerit
423 3178 638 3251 adolescentes,
663 3179 776 3242 adultas
791 3181 926 3252 coluerit,
949 3191 1037 3263 atque
1053 3192 1093 3253 ut,
1117 3201 1209 3260 quum
1233 3186 1315 3253 alias

159 3300 272 3352 tantum
296 3290 462 3352 habeantur
477 3282 575 3351 κοινὰ
595 3284 635 3351 τὰ
657 3289 868 3371 τῶνφίλων,
892 3292 966 3353 haec
981 3293 1112 3356 onrvvium
1128 3295 1191 3355 lere
1209 3301 1315 3362 natio·

159 3420 245 3471 num,
269 3401 355 3462 otiam
379 3401 665 3472 inimicissimarum,
693 3400 769 3462 hona
792 3403 852 3462 sint
874 3405 1056 3473 communia;
1086 3403 1142 3465 hoc
1164 3406 1258 3483 igitur
1284 3414 1314 3473 si

159 3528 351 3589 quaeremus,
381 3520 410 3572 et
439 3508 511 3572 alias
538 3510 625 3572 huius
652 3513 696 3572 rei
721 3513 905 3574 inveniemus
935 3531 1052 3601 causas,
1083 3521 1112 3575 et
1137 3534 1209 3576 vero
1233 3518 1315 3583 duas

158 3620 225 3682 has:
249 3620 387 3690 alteram,
412 3620 489 3698 quod
506 3621 613 3682 lmihus
629 3620 792 3684 litterarum
809 3623 838 3683 in
853 3625 1033 3685 immensum
1050 3624 1188 3704 prolatis,
1212 3647 1313 3708 quum

156 3751 249 3812 pauca
271 3732 394 3792 inveniri
410 3742 546 3811 possent,
570 3752 646 3813 qnae
668 3733 755 3812 plane
771 3741 870 3794 essent
892 3753 981 3803 nova,
1006 3739 1100 3797 coorti
1123 3746 1191 3796 sunt
1206 3737 1314 3803 homi·

158 3860 213 3903 nes
235 3840 271 3900 de
292 3840 406 3912 schola,
430 3850 460 3902 et
481 3860 496 3902 a
520 3843 666 3922 magistris
689 3844 782 3921 magis
804 3862 890 3923 quam
914 3863 929 3903 a
954 3853 1057 3906 natura
1086 3845 1218 3917 dedocti,
1244 3853 1312 3927 qui,

159 3950 301 4030 quidquid
329 3954 505 4015 eximiorum
533 3961 728 4032 proventuum
758 3955 860 4034 quovis
888 3972 959 4015 aevo
988 3963 1017 4014 et
1044 3956 1073 4016 in
1097 3956 1198 4035 (quovis
1221 3960 1313 4023 caelo

159 4061 237 4122 clara
261 4062 452 4141 protulissent
474 4063 606 4140 ingenia,
635 4064 801 4126 eruditione
824 4064 935 4124 inllnlta
960 4063 1114 4127 studerent
1136 4068 1313 4147 complecti,

227 4322 253 4388 1)
272 4322 322 4390 Ap.
342 4324 483 4377 Plutarch.
507 4325 539 4376 de
564 4326 667 4376 musica
691 4342 714 4377 o.
733 4330 778 4378 23:
801 4321 839 4377 Ἡ
860 4322 893 4379 di
916 4319 1043 4394 ἁρμονία
1066 4320 1144 4379 ἐστὶν
1169 4321 1311 4404 οὐρανία,

160 4402 211 4474 τὴν
230 4399 319 4474 φύσιν
336 4402 441 4474 ἔχουσα
460 4408 549 4460 θείαν
567 4405 617 4460 καὶ
634 4403 727 4476 καλὴν
745 4407 795 4461 καὶ
814 4409 979 4477 δαιμονίαν.
1076 4398 1080 4406 ’
