2866 4912
640 217 791 317 22

140 432 183 485 est
205 424 397 503 quadraginta
420 426 506 485 annis
528 432 683 505 postquam
700 435 800 504 gestae
824 445 876 487 eae
899 445 949 488 res
972 437 1069 488 erant:
1094 429 1171 508 quod
1195 447 1283 508 quam

139 537 177 596 sit
198 532 368 614 probabile,
393 554 451 596 nou
476 553 549 613 opus
573 534 688 597 videtur
711 536 1000 616 mouereplmibus.

222 645 364 707 Athenaei
388 645 424 706 de
441 646 634 724 Cyropuediu
655 654 684 706 et
706 664 796 723 opere
817 650 857 708 de
870 649 999 722 Lepinus
1020 648 1175 729 desumpta
1197 668 1283 728 argu·

139 763 236 818 nierrta
261 757 353 832 tangit
376 756 463 817 etiam
487 754 647 834 Diogenes:
674 748 740 818 εἷθ’
766 750 784 819 ὁ
807 752 869 837 μὲν
891 753 1069 838 (γέγραφε)
1089 759 1282 845 Πολιτείαν,

138 859 215 929 tot
237 862 357 945 Κύρου
379 862 550 927 παιδείαν·
581 859 636 926 καὶ
665 863 704 927 ἐν
731 873 801 939 τοῖς
823 860 952 948 Νόμοις
973 864 1120 929 Πλάτων
1147 864 1283 951 πλάσμα
1369 869 1375 881 “

138 971 243 1058 φησίν
266 967 352 1038 εἶναι
379 969 441 1056 τὴν
464 973 620 1037 παιδείαν
648 969 770 1037 αὐτοῦ·
798 970 843 1058 μὴ
872 971 937 1056 γὰρ
961 969 1048 1039 εἶναι
1072 978 1188 1058 Κῦρον
1210 1000 1283 1041 τοι-

137 1088 250 1149 υῡιον.
296 1087 467 1148 Distinctius
489 1087 562 1146 haec
591 1086 681 1148 tradit
703 1084 826 1148 Gellius:
862 1087 920 1158 „ld
945 1089 1046 1158 etiam,
1078 1090 1187 1167 inquit,
1217 1109 1282 1152 esse

138 1219 197 1259 non
219 1200 354 1260 sincerae
377 1216 473 1277 neque
496 1198 608 1259 amicae
631 1197 789 1259 voluntatis
812 1198 953 1259 iudicium
973 1197 1179 1271 crediderunt,
1204 1201 1281 1280 quod

137 1309 301 1389 Xenophon
337 1307 446 1387 inclyto
477 1306 519 1367 illi
548 1310 630 1385 operi
654 1307 799 1379 Platonis,
829 1309 909 1387 (quod
938 1309 974 1370 de
1002 1311 1113 1389 optimo
1136 1316 1214 1371 statu
1236 1313 1281 1372 rei

136 1418 272 1499 publicae
300 1419 485 1498 ciuitatisque
515 1418 766 1480 administrandae
793 1421 938 1498 seriptum
971 1427 1029 1490 est,
1063 1419 1147 1481 lectis
1180 1440 1215 1481 ex
1245 1440 1280 1481 eo

136 1528 253 1591 duobus
275 1529 337 1589 lere
360 1527 458 1597 libris,
483 1530 532 1606 qui
555 1530 644 1608 primi
666 1531 696 1588 in
720 1528 823 1609 vulgus
847 1532 993 1600 exierant,
1017 1532 1155 1610 opposuit
1176 1538 1278 1593 eontra

135 1640 369 1719 conscripsitque
392 1638 541 1701 diversum
564 1641 664 1718 regiae
687 1640 949 1702 administrationis
964 1659 1073 1719 genus,
1098 1640 1175 1718 quod
1198 1659 1280 1701 παι-

135 1750 226 1824 δείας
254 1747 373 1832 Κύρου
404 1751 578 1831 inscriptum
608 1758 661 1814 est.
712 1751 755 1811 Eo
783 1751 860 1813 lueto
893 1753 1064 1831 scriptoque
1092 1752 1154 1811 eius
1187 1771 1280 1832 usque

134 1861 209 1925 adeo
231 1870 399 1942 permotum
422 1880 488 1922 esse
511 1859 665 1923 Platonem
689 1861 803 1932 lerunt,
833 1870 865 1923 ut
892 1860 1018 1942 «quodam
1041 1862 1072 1921 in
1094 1861 1172 1922 libro
1196 1881 1279 1923 meu·

102 1962 106 1967 ’
134 1975 214 2035 tione
237 1974 304 2053 Cyri
326 1973 407 2051 regis
430 1970 544 2040 habita,
573 1971 756 2034 retractandi
779 1969 953 2050 levandique
976 1973 1040 2034 eius
1062 1973 1163 2050 operis
1185 1973 1278 2052 gratia

134 2085 228 2146 virum
252 2082 370 2160 quidem
388 2084 495 2162 Cyrum
517 2098 623 2143 navum
648 2090 677 2143 et
698 2090 852 2144 strenuum
875 2084 965 2144 titisse
980 2081 1102 2151 dixerit,
1126 2078 1279 2156 παιδείας
1323 2078 1328 2083 ’

132 2187 164 2254 d'
190 2187 253 2254 οὐκ
280 2185 393 2270 ὀρθῶς
418 2178 530 2273 ἧφθαι
557 2188 768 2273 τοπαράπαν.
812 2193 892 2254 llaec
921 2192 1000 2254 enim
1028 2192 1117 2253 verba
1144 2202 1214 2255 suut
1241 2194 1278 2254 de

133 2305 209 2383 Cyro
232 2301 394 2363 Platonis.“
438 2300 670 2362 Percenseamus
697 2302 772 2363 haec
799 2301 979 2380 singillatim.
1024 2301 1158 2363 Primum
1179 2302 1277 2363 Xeno·

133 2412 213 2492 phou
235 2411 320 2473 lectis
341 2409 458 2471 duobus
479 2410 632 2489 prioribus
646 2411 701 2472 Rei
715 2408 852 2491 publicae
874 2409 974 2484 libris,
997 2414 1047 2491 qui
1062 2413 1150 2492 primi
1173 2412 1277 2473 dicun·

133 2532 181 2591 tur
203 2520 315 2601 publici
336 2522 409 2582 iuris
432 2537 497 2581 esse
520 2519 604 2587 laeti,
633 2519 710 2582 aliud
734 2522 834 2599 regiae
856 2519 1081 2599 gubernationis
1110 2522 1277 2601 exemplum

127 2630 313 2714 Cyropaedia
344 2649 518 2712 expressum
546 2628 662 2691 Platoni
690 2630 797 2692 dicitur
825 2632 1009 2711 opposuisse.
1059 2629 1140 2692 Libri
1168 2631 1205 2692 de
1233 2632 1277 2694 lle

129 2743 248 2826 publica
271 2741 388 2822 quando
415 2743 475 2802 siut
497 2739 582 2812 editi,
613 2759 719 2820 parum
742 2739 849 2821 liquet:
879 2758 946 2801 nam
975 2741 1053 2820 quod
1076 2739 1276 2820 llorgeuster-

130 2857 197 2916 nius
207 2852 226 2934 ¹)
256 2873 290 2914 ex
313 2850 518 2931 Aristophanis
540 2850 753 2913 Ecclesiazusis
775 2852 912 2913 euincere
938 2860 1061 2913 conatus
1088 2859 1147 2922 est,
1182 2853 1276 2915 editos

131 2985 197 3027 esse
218 2971 288 3025 ante
310 2962 356 3028 Ol.
378 2961 493 3033 xcvii,
516 2960 551 3046 l,
578 2979 638 3040 quo
661 2968 796 3041 tempore
817 2962 884 3024 data
908 2961 1021 3023 videtur
1044 2962 1154 3023 Comici
1177 2962 1274 3025 sabula

131 3075 197 3154 (nisi
218 3076 276 3137 iam
300 3073 345 3135 Ol.
368 3072 455 3136 xcvl
476 3071 621 3153 producta
643 3072 690 3149 sit)
720 3071 777 3133 hoc
798 3074 823 3133 si
846 3090 905 3133 non
934 3091 969 3134 ex
993 3072 1137 3134 Ismeniae
1159 3073 1275 3135 divitia·

129 3205 196 3247 rum
219 3184 502 3246 commemoratione
523 3184 583 3245 iam
604 3185 701 3260 primo
723 3183 798 3244 iacta
821 3180 943 3259 libro²)‚
972 3193 1053 3244 certe
1081 3183 1151 3244 inde
1175 3191 1274 3264 potest
1288 3193 1321 3242 26

129 3295 318 3365 labefactari,
342 3293 420 3375 quod
435 3295 499 3374 ipse
514 3293 598 3355 Plato
620 3294 723 3372 quinte
738 3291 792 3354 llei
807 3291 943 3373 publicae
950 3289 971 3373 ³)
995 3291 1164 3372 lepidorum
1179 3293 1274 3354 homi·

130 3425 200 3467 uum
223 3405 337 3466 facetiis
357 3405 514 3486 perstricta
535 3404 609 3465 haec
631 3403 737 3484 placita
753 3403 922 3482 siguisscaus
936 3403 1142 3483 Aristophanis
1156 3422 1274 3464 comoe-

130 3515 208 3576 diam
232 3515 346 3576 videtur
375 3516 541 3594 respicere:
572 3522 727 3594 praeterea
756 3532 825 3575 vero
855 3513 1017 3594 tyrannidis
1039 3512 1214 3593 descriptio,
1242 3514 1273 3573 in

129 3645 187 3707 qua
209 3625 321 3686 diutius
336 3624 418 3687 Plato
434 3631 649 3694 commoratur,
673 3643 760 3703 quam
783 3625 881 3703 operis
897 3622 1066 3704 postulabat
1080 3624 1169 3691 ratio,
1194 3622 1272 3683 baud

129 3735 256 3797 obscure
284 3743 397 3815 spectat
424 3753 507 3796 suam
537 3752 604 3795 cum
633 3735 771 3815 Dionysio
800 3735 905 3796 maiori
936 3732 1179 3800 familiaritatem,
1216 3750 1272 3810 qua

129 3847 264 3906 ellectum
289 3846 340 3914 sit.
370 3853 404 3905 ut
430 3844 468 3904 de
496 3846 613 3925 tyranni
639 3845 740 3906 indole
762 3852 844 3907 reete
865 3852 967 3923 posset
993 3841 1126 3903 iudicare
1149 3839 1272 3921 aliisque

198 4080 273 4146 ll‘Iu
293 4080 488 4135 Commentatt.
507 4081 541 4134 de
559 4081 632 4134 Plau
650 4082 717 4146 Rep.
735 4097 761 4147 p.
781 4082 813 4133 73
832 4094 891 4145 sqq.

195 4169 222 4233 2)
241 4183 267 4232 p.
285 4168 336 4219 336
352 4168 385 4220 A.
407 4168 476 4219 Eius
494 4183 560 4234 opes
578 4165 732 4218 inclaruere
751 4163 857 4216 demum
875 4165 911 4216 ub
924 4163 967 4216 Ol.
979 4161 1068 4216 xcvi
1074 4165 1112 4228 ,3
1129 4175 1183 4229 quo
1202 4167 1271 4214 tem-

128 4269 194 4317 pore
214 4268 231 4302 e
248 4252 341 4303 Persis
360 4257 404 4302 ost
421 4253 539 4318 pecunia
558 4254 709 4317 corruptus.
745 4249 814 4302 Vide
838 4248 913 4302 locos
936 4248 1035 4301 edutos
1057 4248 1092 4301 sel
1115 4249 1185 4300 Plal.
1204 4250 1271 4300 Min.

128 4343 156 4388 et
174 4337 260 4402 Legg.
279 4353 305 4407 p.
323 4338 364 4386 46.

195 4419 221 4488 3)
238 4437 264 4489 p.
281 4422 331 4474 452
349 4419 448 4472 A—e.

472 4578 490 4612 l
