2866 4912
250 703 489 779 Prooemium
516 703 702 779 semestris
728 702 878 776 hiberni
905 729 938 775 a.
967 699 1255 776 MDOOOXIII.

182 857 253 956 (De
278 857 543 932 Demosthenis
573 854 808 954 Philippicae
840 855 984 954 primae
1009 853 1112 949 loce,
1140 854 1329 953 praesenti

490 983 633 1083 patriae
661 983 774 1057 statui
800 980 1021 1081 aptissimo)

145 1160 161 1205 3
269 1170 482 1233 Demosthenes
497 1174 529 1232 iu
544 1172 640 1252 prima
655 1169 833 1251 Philippica,
858 1187 915 1247 qua
930 1168 1160 1231 Atheniensibus
1176 1187 1328 1229 commou-

181 1290 269 1349 strat‚
300 1300 357 1365 quo
380 1290 466 1362 pacto
491 1281 601 1344 bellum
626 1288 728 1342 contra
750 1298 851 1358 regem
876 1279 1069 1341 Macedonum
1093 1279 1257 1358 gerendum
1280 1281 1326 1348 sit,

181 1392 257 1453 ΙιειιιΙ
281 1392 385 1472 procul
409 1391 445 1453 ab
468 1393 553 1453 initio
576 1391 650 1452 haee
672 1392 772 1470 posuit
781 1390 816 1468 ¹):
840 1389 877 1450 Si
897 1393 1020 1467 quisque
1041 1398 1170 1452 vestrum
1193 1391 1226 1449 id
1248 1392 1329 1464 quod

180 1513 208 1563 et
230 1521 305 1579 opus
319 1506 358 1564 sit
371 1510 400 1563 et
419 1511 582 1579 praestare
596 1504 721 1578 quisque
736 1503 847 1579 possit,
871 1503 902 1561 in
925 1517 1009 1562 κεαω
1030 1500 1223 1577 reipublicae,
1246 1503 1327 1559 αιιιιι·

180 1615 287 1674 omisso
311 1616 573 1692 terpioersatione,
593 1612 703 1684 faeere
723 1615 763 1672 sit
777 1619 926 1689 paratus:
950 1612 1113 1687 locupletes
1128 1612 1239 1672 tributo
1254 1627 1328 1669 con-

175 1722 352 1801 fercndoh,
379 1728 499 1784 ιἰιοσιιω
520 1724 691 1784 militando:
714 1730 743 1782 et
764 1729 797 1783 et
817 1720 994 1798 sinpliciter
1015 1723 1201 1797 breviterque
1216 1722 1325 1794 dicon,

178 1836 206 1893 si
226 1836 317 1894 vestri
329 1840 478 1909 compotes
499 1836 558 1910 ipsi
575 1835 647 1906 sieri
659 1835 824 1910 volueritis,
847 1841 876 1893 et
890 1834 1038 1894 desinitis
1057 1834 1117 1909 ipsi
1130 1832 1207 1892 nihil
1222 1847 1324 1909 apere,

180 1945 251 2003 dum
272 1945 403 2018 speretis
417 1946 510 2003 etium
529 1961 589 2019 pro
612 1945 690 2004 vobis
709 1943 866 2015 secturam
888 1959 951 2003 esse
965 1945 1080 2004 omnio:
1102 1944 1147 2004 sic
1168 1948 1197 2002 et
1211 1947 1326 2002 vestros

180 2070 249 2127 opes
263 2054 499 2130 recuperabitis,
524 2060 675 2113 annuente
689 2055 745 2114 cleo
752 2098 761 2132 ,
785 2057 955 2129 omissoque
970 2070 1031 2130 per
1045 2053 1213 2114 socordiam
1228 2053 1327 2112 denuo

179 2166 346 2241 recipietis,
375 2170 404 2222 et
432 2164 515 2222 illum
543 2165 738 2224 ulciscemini.
789 2164 893 2238 Neque
919 2166 997 2224 enim
1021 2166 1147 2239 putetis,
1183 2169 1327 2236 tanquam

179 2274 235 2333 deo
256 2290 305 2333 res
327 2275 400 2333 istas
422 2275 470 2334 illi
486 2276 569 2346 fixas
591 2291 655 2334 esse
676 2281 705 2334 et
725 2275 922 2334 immortales:
946 2289 1018 2332 nam
1040 2280 1069 2333 et
1091 2274 1154 2333 odit
1175 2287 1242 2332 eum
1264 2273 1328 2331 oli-

179 2386 245 2458 qm's
267 2391 295 2443 ct
316 2387 435 2459 incinit,
466 2385 679 2462 Athenienses,
709 2390 737 2445 et
758 2386 872 2459 invidet
878 2427 887 2462 ,
917 2400 1017 2444 eorum
1040 2386 1147 2460 etiem,
1171 2385 1224 2457 qui
1244 2398 1325 2442 ιιιιιιε

178 2497 208 2554 ci
229 2496 369 2557 uidentur
395 2512 459 2555 esse
484 2495 732 2556 coniunctissimi:
765 2502 794 2554 et
815 2495 973 2568 universa,
1003 2511 1081 2568 quoe
1104 2493 1177 2567 fere
1202 2496 1234 2553 in
1257 2494 1325 2553 aliis

178 2605 347 2666 nominibus
369 2608 485 2679 insunt,
517 2623 554 2665 ee
582 2610 614 2666 in
636 2607 700 2665 eius
721 2620 836 2680 qnoque
860 2603 1069 2675 familiaribus
1096 2604 1328 2664 existimandum

179 2722 223 2772 cst
243 2717 348 2774 inesse.
394 2714 537 2775 Nolumus
565 2721 664 2775 cetera
689 2713 834 2784 adiicere,
864 2732 941 2792 quae
971 2716 1010 2774 ita
1034 2715 1119 2794 quasi
1141 2714 1171 2773 in
1193 2720 1327 2773 nostram

180 2831 306 2884 aetatem
335 2822 412 2883 dieta
442 2823 595 2899 videntur,
625 2833 658 2884 ut
686 2825 710 2884 si
739 2842 799 2884 uon
827 2822 961 2894 aliunde.
991 2831 1072 2886 certe
1101 2842 1137 2883 ex
1159 2821 1328 2884 huiusmodi

249 3059 274 3125 1)
293 3060 325 3111 Τ.
346 3061 371 3123 1,
391 3075 417 3124 p.
435 3063 483 3127 42,
504 3063 528 3111 6.
547 3061 589 3112 ed.
609 3061 703 3113 Reisk.
725 3058 786 3128 [Or.
803 3064 828 3112 4.
847 3064 891 3125 §l
911 3077 970 3127 sqq.
989 3058 1088 3127 Bekis]
1111 3077 1144 3112 ex
1162 3061 1328 3125 interpreta-

179 3144 254 3194 tione
273 3145 349 3194 Hier.
369 3145 470 3199 Wolfii.
507 3144 615 3196 Graeca
633 3146 703 3196 haec
722 3151 799 3197 sunts
822 3132 868 3196 ”Aa
955 3140 1074 3205 ἕκαστος
1098 3137 1191 3211 ὑμῶν,
1217 3131 1251 3197 οὗ
1276 3143 1328 3196 δεῖ

179 3225 228 3279 καὶ
247 3219 360 3280 δύναιτ’
381 3217 417 3279 ἂν
434 3232 599 3297 παρασχεῖν
617 3221 706 3282 αὑτὸν
723 3222 862 3297 χρήσιμον
880 3229 915 3296 τῇ
932 3220 1028 3295 πόλει,
1048 3228 1145 3282 πᾶσαν
1164 3220 1252 3294 ἄφελε
1270 3222 1324 3294 τήν

179 3308 341 3379 εἰρωνείαν,
366 3308 477 3380 ἕτοιμος
501 3307 638 3378 πράττειν
660 3305 785 3381 ὑπάρξῃ·
809 3304 824 3365 ὁ
847 3309 900 3381 μὲν
922 3306 1044 3381 χρήματ’
1070 3310 1143 3381 ἔχων
1167 3304 1320 3379 είςφὲρειν,

178 3390 193 3461 ὁ
217 3389 247 3448 θ’
271 3389 301 3449 ἔν
323 3391 422 3466 ἡλικίᾳ
445 3390 666 3467 στραιεόεσθαι’
696 3391 842 3451 συνελόντι
871 3390 900 3450 θ’
925 3390 1022 3458 ἁπλῶς
1047 3394 1155 3464 είιτεῖν,
1180 3386 1217 3464 ήν
1243 3391 1325 3464 ὑμῶν

177 3475 270 3536 αὐτῶν
294 3476 451 3552 ἐθελήσητε
473 3482 626 3552 γενέσθαι,
651 3483 702 3536 καλ
723 3476 878 3551 παύσησθε
901 3475 989 3544 αὐτὸς
1011 3479 1064 3550 μὲν
1092 3475 1179 3537 οὐδὲν
1207 3478 1326 3544 ἕκαστος

175 3561 308 3635 ποιήσειν
326 3559 460 3635 ἐλπίζων,
480 3562 530 3622 τὸν
549 3565 583 3621 δὲ
601 3569 723 3636 πλησίον
740 3563 837 3622 πάνθ’
854 3562 927 3636 ὑπὲρ
946 3561 1036 3622 αὐτοῦ
1053 3563 1188 3634 πράξειν·
1217 3566 1268 3620 καί
1287 3561 1322 3620 τοὶ

177 3645 293 3720 ὑμέτερ’
315 3645 411 3706 αὐτῶν
433 3654 599 3720 κομιεῖσθε,
624 3644 661 3708 ἂν
684 3650 756 3715 θεὰς
781 3649 882 3723 ἐθέλη,
906 3652 957 3706 καὶ
981 3646 1017 3706 τοὶ
1042 3650 1324 3722 κατερρᾳθυμημένα

177 3730 264 3790 πάλιν
286 3731 490 3806 ἀναλήψεσθε,
514 3732 653 3792 κοῖκεῖνον
675 3731 883 3806 τιμωρήσεσθε·
911 3735 950 3805 μή
975 3733 1029 3806 γὰρ
1053 3732 1090 3800 ὡς
1112 3738 1174 3807 θεῷ
1198 3732 1325 3805 νομίζετ’

177 3815 277 3891 ἐκείνῳ
295 3818 330 3875 τίι
347 3816 478 3892 παρόντα
496 3821 657 3891 πεπηγέναι
674 3817 828 3891 πράγματα
846 3815 999 3886 ἅθοίνατα,
1025 3819 1097 3877 ἀλλὰ
1120 3821 1170 3876 καλ
1188 3828 1268 3891 μισεῖ
1284 3841 1328 3883 τις

177 3902 289 3961 ἐκεῖνον
306 3907 356 3960 καὶ
374 3906 486 3977 δέδιεν,
510 3897 531 3962 oi
554 3901 660 3974 ἄνδρες
681 3903 842 3976 Ἀθηναῖοι,
867 3905 917 3960 καλ
940 3909 1064 3975 φθονεῖ,
1090 3907 1141 3961 καλ
1165 3908 1221 3960 τῶν
1245 3905 1324 3960 πάνυ

178 3988 230 4045 νῦν
249 3987 412 4046 δοκούντων
431 3990 544 4055 οἰκείας
562 3991 639 4062 ἔχειν
658 3985 750 4062 αὐτῷ,
774 3991 825 4045 καλ
843 3981 959 4045 ἅπανθ’
978 3985 1090 4061 ὅσαπερ
1108 3991 1158 4045 καλ
1177 3985 1208 4045 ἐν
1226 3982 1324 4052 ἄλλοις

177 4075 251 4129 τισὶν
269 4071 436 4146 ἀνθρώποις
454 4075 510 4146 ἔνι,
531 4079 622 4132 ταῦτα
641 4069 696 4131 κᾶν
713 4082 774 4140 τοῖς
791 4072 854 4146 μετ’
869 4071 982 4132 ἐκείνου
995 4074 1048 4146 χρή
1062 4078 1190 4145 νομίζειν
1203 4069 1323 4130 ἐνεῖναι.

244 4161 271 4230 2)
291 4159 441 4230 Είςφορὰν
460 4165 610 4230 signifieat,
634 4166 761 4228 honest,
786 4165 920 4230 pecunias
937 4169 1061 4231 tempore
1085 4164 1151 4216 belli
1172 4181 1189 4214 a
1207 4164 1326 4231 singulis

177 4253 306 4315 exactas,
334 4266 405 4316 quae
428 4252 457 4300 in
485 4250 610 4301 militiam
637 4249 870 4317 impenderentur.
910 4247 967 4314 [Cf.
992 4250 1058 4301 Oec.
1083 4251 1135 4301 civ.
1158 4249 1222 4303 Ath.
1247 4251 1280 4300 Τ.
1304 4248 1326 4299 1.

177 4346 202 4397 p.
224 4336 280 4383 196.
299 4337 358 4387 321.
376 4337 438 4385 330.
455 4336 513 4385 416.
532 4336 579 4386 481
595 4349 653 4400 sqq.
673 4334 710 4399 11,
724 4338 739 4385 3
753 4350 812 4400 sqq.
830 4335 872 4386 43.
890 4336 933 4385 47.
952 4335 993 4386 60.
1012 4336 1053 4387 77.
1072 4333 1115 4387 ed.
1133 4335 1235 4400 prioris
1253 4356 1287 4376 =
1305 4335 1327 4383 1.

177 4432 202 4480 p.
215 4419 272 4467 247.
290 4421 350 4470 410.
363 4421 422 4469 419.
442 4420 500 4468 607.
513 4421 563 4469 694
576 4432 635 4483 sqq.
653 4420 703 4469 618
716 4434 774 4484 sqq.
793 4420 852 4472 661.
866 4420 924 4471 664.
938 4419 997 4469 667.
1010 4419 1068 4469 697.
1085 4419 1127 4475 etl.
1140 4416 1325 4485 posterioria]
